3000 5184
622 1534 656 1622 ς,
682 1537 707 1597 1.

414 1697 472 1750 lte
490 1692 745 1764 reipublicae
763 1693 912 1750 terna.

123 1869 237 1934 Omnis
259 1869 448 1953 reipublicae
458 1867 686 1930 administratio
697 1867 810 1950 triplici
824 1876 944 1933 tantum
962 1874 1071 1953 specie
1085 1879 1280 1951 potestesse

46 1986 242 2062 constructa,
272 1981 317 2042 ita
337 1988 370 2041 ut
392 1979 445 2040 vel
465 1981 519 2040 uni
539 1977 599 2040 soli
619 1996 742 2040 summa
763 1997 870 2041 rerum
889 1956 1099 2062 gerendarum
1117 1998 1206 2063 curn,
1227 1984 1281 2044 vel

44 2084 182 2162 pluribus
216 2086 270 2147 vel
299 2085 433 2168 denique
462 2085 606 2148 omnibus
644 2075 691 2148 sit'
712 2087 869 2152 mandata.
926 2088 1062 2151 Primam
1088 2088 1281 2152 Aristoteles

46 2197 179 2275 appellat
198 2190 377 2275 βασιλείαν,
389 2194 441 2258 alii
461 2189 646 2280 μοναρχίαν,
661 2195 839 2258 secundam
859 2185 1126 2281 ἀριστοκρατίαν,
1156 2199 1280 2262 tertiam

46 2297 219 2380 πολιτείαν,
238 2305 291 2366 alii
313 2298 541 2388 δημοκρατίαν.
589 2303 685 2383 Apud
708 2303 824 2364 nullum
846 2324 926 2365 vero
947 2307 1108 2387 populum,
1131 2325 1187 2386 per
1207 2307 1280 2367 nul-

46 2411 102 2472 lam
124 2412 195 2473 fere
215 2419 355 2472 aetatem
374 2413 429 2473 vol
449 2405 601 2490 βασιλεία
622 2413 701 2485 sola,
716 2413 770 2472 vel
791 2399 1039 2496 ἀριστοκρατία,
1063 2412 1116 2474 vel
1131 2405 1281 2472 πολιτεία

44 2516 165 2599 integra
190 2517 388 2598 conspicitur.
428 2520 503 2600 Ipso
518 2519 687 2581 Homerico
708 2538 792 2580 aevo
812 2520 843 2580 in
865 2519 1047 2580 universum
1068 2519 1193 2600 quidem
1215 2511 1281 2598 βα-

47 2619 143 2700 σιλεῖς
165 2635 268 2703 erant,
291 2625 351 2688 sed
371 2625 566 2706 optimatium
589 2626 719 2688 consilio
734 2627 981 2705 coercebantur3
1009 2627 1128 2687 minore
1148 2627 1284 2708 opulen-

47 2735 85 2797 tia
105 2735 245 2818 populns
265 2733 436 2817 gaudebat.
487 2733 666 2818 Quaeritur,
695 2734 837 2817 quisnam
860 2733 945 2816 apud
964 2733 1142 2816 Vergilium
1163 2735 1206 2796 sit
1226 2753 1283 2795 or-

47 2841 83 2904 do
104 2863 144 2907 ac
166 2851 280 2908 status.
308 2841 310 2844 ’

78 2965 81 2970 ·
124 2951 242 3012 'l'ribus
273 2959 392 3014 tantum
422 2951 525 3014 modis
551 2959 647 3033 poeta
668 2949 834 3014 Romanus
855 2951 886 3012 in
906 2949 969 3014 hoc
989 2950 1208 3014 constituendo
1229 2952 1283 3012 vel

47 3060 148 3136 potins
162 3059 330 3122 indicando
343 3091 383 3105 -
397 3061 426 3122 si
440 3058 532 3121 modo
552 3059 704 3122 memoria
725 3068 879 3134 tenemus,
903 3059 935 3128 in
955 3060 1094 3122 carmine
1111 3060 1280 3143 pangendo

47 3187 105 3230 uon
127 3169 234 3231 omnia
255 3187 383 3250 semper
405 3189 447 3230 ex
468 3168 644 3248 composito
673 3167 750 3252 fingi
775 3167 869 3230 etad
891 3177 1038 3230 exactam
1059 3170 1204 3252 regulam
1226 3189 1283 3230 re·

47 3278 208 3339 vocari-
222 3276 263 3338 ad
275 3279 417 3359 speciem
432 3278 528 3340 lixam
542 3286 576 3339 et
588 3276 710 3338 firmam
726 3276 908 3340 eliciendam
923 3285 1048 3358 poterat
1064 3277 1186 3341 deduci.
1218 3277 1283 3338 Vel

49 3385 127 3446 enim
150 3385 291 3446 Homero
312 3396 443 3448 auctore
474 3388 576 3448 omnia
597 3387 637 3449 ad
660 3387 755 3448 huius
774 3386 893 3447 rettulit
914 3386 1105 3468 exemplum,
1127 3386 1180 3446 vel
1202 3405 1284 3466 poe·
1341 3429 1347 3441 t

49 3494 87 3554 tis
107 3493 336 3575 posterioribus
357 3493 515 3556 delenitus
542 3493 584 3556 ad
608 3493 769 3558 Graecam
792 3493 963 3555 delineavit
983 3512 1134 3573 normam,
1156 3495 1210 3554 vel
1231 3495 1285 3554 fa-

49 3599 129 3663 bulis
148 3609 183 3663 et
202 3601 433 3662 narrationibus
454 3600 591 3682 antiquis
612 3601 642 3661 in
664 3587 801 3662 animum
830 3598 953 3661 haustis
981 3599 1146 3664 Romanae
1175 3602 1284 3681 reipu-

50 3709 153 3774 blicae
175 3711 377 3774 condiciones
397 3707 546 3769 versinus
567 3707 634 3768 suis
655 3706 796 3770 intexuit
839 3705 891 3767 Ab
911 3706 1051 3768 Homero
1073 3708 1135 3768 iam
1156 3726 1194 3767 eo
1215 3707 1285 3769 dis-

49 3819 155 3896 sentit,
179 3818 262 3901 quod
281 3835 377 3900 reges
397 3817 523 3878 minime
554 3835 610 3897 per
629 3818 784 3897 primores
805 3816 1037 3896 prohibeantur,
1060 3833 1079 3876 a
1100 3818 1285 3895 posteriori-

49 3923 120 4008 bua,
143 3925 228 4007 qnod
250 3943 348 3987 verae
370 3922 565 3988 Graecorum
589 3923 774 4005 disciplinae
795 3923 878 3986 nulla
897 3928 930 3984 in
951 3924 1022 4003 ipso
1040 3930 1128 3986 certa
1139 3933 1286 3986 constent

49 4032 200 4117 vestigia,
220 4033 263 4094 ita
284 4043 320 4094 ut
340 4033 499 4114 poeticum
521 4030 678 4112 quoddam
700 4049 869 4114 regnum
891 4033 1020 4114 evadat,
1043 4035 1126 4094 nullo
1148 4051 1285 4115 unquam

50 4149 191 4222 tempore
212 4143 336 4204 omnino
356 4160 376 4203 a
397 4143 550 4206 Romanis
571 4151 746 4225 receptum,
776 4142 835 4204 sed
862 4143 974 4222 partim
1002 4161 1044 4204 ex
1065 4142 1284 4224 antiquissima

51 4245 187 4329 moui,
214 4247 342 4310 Numae
369 4267 545 4331 regumque
572 4250 702 4311 aliorum
732 4251 895 4328 memoria,
922 4250 1036 4330 partim
1064 4271 1085 4312 e
1110 4251 1285 4314 novissima

51 4353 106 4416 snb
127 4353 279 4434 Augusto
299 4373 404 4418 rerum
425 4356 635 4419 conversione
661 4363 695 4417 et
714 4356 939 4417 constitutione
970 4374 1032 4417 non
1052 4362 1123 4420 sine
1144 4359 1286 4444 consilio,

54 4460 234 4525 adulatione
256 4469 289 4523 ct
309 4481 412 4525 rerum
432 4463 607 4526 futurarum
628 4462 856 4545 praesensione
875 4463 952 4522 mire
976 4465 1194 4545 compositum.
1237 4467 1287 4529 lta

55 4570 134 4630 euim
155 4585 255 4652 reges
276 4569 391 4652 omnia,
418 4587 499 4652 qnae
525 4569 567 4632 ad
587 4569 843 4652 rempublicam
864 4569 1043 4654 militarem,
1058 4564 1190 4635 'sacram
1210 4594 1286 4655 per-

55 4677 163 4760 tineat,
184 4673 333 4758 digerunt
351 4684 447 4758 atque
467 4675 621 4759 alliciunt,
643 4684 678 4737 nt
692 4693 785 4737 nemo
806 4674 875 4737 lere
888 4680 1055 4757 primorum
1075 4680 1170 4741 ullam
1192 4681 1285 4743 aliam

56 4777 182 4865 movere
210 4783 331 4850 audeat
355 4785 713 4869 montemontano
732 4800 813 4848 vero
836 4803 959 4847 ornnem
981 4780 1151 4865 perdiderit
1171 4793 1288 4848 aucto·

207 4911 211 4924 t
1002 4899 1019 4960 ¹
1035 4896 1057 4943 ι
