<?xml version="1.0" encoding="UTF-8"?>
<!DOCTYPE html PUBLIC "-//W3C//DTD XHTML 1.0 Transitional//EN"
    "http://www.w3.org/TR/xhtml1/DTD/xhtml1-transitional.dtd">
<html xmlns="http://www.w3.org/1999/xhtml" xml:lang="en" lang="en">
 <head>
  <title>
</title>
<meta http-equiv="Content-Type" content="text/html;charset=utf-8" />
  <meta name='ocr-system' content='tesseract 3.04.00' />
  <meta name='ocr-capabilities' content='ocr_page ocr_carea ocr_par ocr_line ocrx_word'/>
</head>
<body>
  <div class='ocr_page' id='page_1' title='image "./antiquitatesver01lersgoog_0202.png"; bbox 0 0 3000 5184; ppageno 0'>
   <div class='ocr_carea' id='block_1_1' title="bbox 170 176 956 316">
    <p class='ocr_par' dir='ltr' id='par_1_1' title="bbox 170 176 956 316">
     <span class='ocr_line' id='line_1_1' title="bbox 170 176 956 316; baseline -0.028 -22"><span class='ocrx_word' id='word_1_1' title='bbox 170 218 231 285; x_wconf 76' lang='lat'>¹88</span> <span class='ocrx_word' id='word_1_2' title='bbox 585 176 956 316; x_wconf 22' lang='lat' dir='ltr'>usxtttisrionibne</span> 
     </span>
    </p>
   </div>
   <div class='ocr_carea' id='block_1_2' title="bbox 71 373 1478 3088">
    <p class='ocr_par' dir='ltr' id='par_1_2' title="bbox 71 373 1478 3068">
     <span class='ocr_line' id='line_1_2' title="bbox 167 373 1421 486; baseline -0.016 -19"><span class='ocrx_word' id='word_1_3' title='bbox 167 403 234 468; x_wconf 87' lang='lat' dir='ltr'>Sed</span> <span class='ocrx_word' id='word_1_4' title='bbox 255 399 377 486; x_wconf 79' lang='lat' dir='ltr'>(iearg.</span> <span class='ocrx_word' id='word_1_5' title='bbox 404 403 467 479; x_wconf 86' lang='lat' dir='ltr'>tv,</span> <span class='ocrx_word' id='word_1_6' title='bbox 487 401 558 469; x_wconf 78' lang='grc'>381.</span> <span class='ocrx_word' id='word_1_7' title='bbox 586 421 683 486; x_wconf 87' lang='lat' dir='ltr'>quum</span> <span class='ocrx_word' id='word_1_8' title='bbox 704 401 831 465; x_wconf 78' lang='lat' dir='ltr'>Oceano</span> <span class='ocrx_word' id='word_1_9' title='bbox 851 373 982 461; x_wconf 80' lang='lat' dir='ltr'>lidunus</span> <span class='ocrx_word' id='word_1_10' title='bbox 1007 395 1125 458; x_wconf 90' lang='lat' dir='ltr'>dietum</span> <span class='ocrx_word' id='word_1_11' title='bbox 1151 385 1203 470; x_wconf 80' lang='lat' dir='ltr'>sit,</span> <span class='ocrx_word' id='word_1_12' title='bbox 1240 391 1357 450; x_wconf 86' lang='lat' dir='ltr'>vinum</span> <span class='ocrx_word' id='word_1_13' title='bbox 1385 388 1421 449; x_wconf 88' lang='lat' dir='ltr'>in</span> 
     </span>
     <span class='ocr_line' id='line_1_3' title="bbox 168 505 999 592; baseline -0.005 -18"><span class='ocrx_word' id='word_1_14' title='bbox 168 513 326 574; x_wconf 84' lang='lat' dir='ltr'>flammam</span> <span class='ocrx_word' id='word_1_15' title='bbox 346 510 418 577; x_wconf 83' lang='grc'><strong>384.</strong></span> <span class='ocrx_word' id='word_1_16' title='bbox 437 509 584 576; x_wconf 85' lang='lat' dir='ltr'>tunditur.</span> <span class='ocrx_word' id='word_1_17' title='bbox 627 511 696 572; x_wconf 86' lang='lat' dir='ltr'>levi</span> <span class='ocrx_word' id='word_1_18' title='bbox 717 509 811 592; x_wconf 88' lang='lat' dir='ltr'>piatis</span> <span class='ocrx_word' id='word_1_19' title='bbox 832 509 893 590; x_wconf 85' lang='lat' dir='ltr'>tv,</span> <span class='ocrx_word' id='word_1_20' title='bbox 913 505 999 570; x_wconf 70' lang='grc'><strong>1073</strong></span> 
     </span>
     <span class='ocr_line' id='line_1_4' title="bbox 251 615 1059 698; baseline -0.012 -15"><span class='ocrx_word' id='word_1_21' title='bbox 251 619 343 684; x_wconf 78' lang='lat' dir='ltr'>Gens</span> <span class='ocrx_word' id='word_1_22' title='bbox 363 620 491 698; x_wconf 79' lang='lat' dir='ltr'><em>epulata</em></span> <span class='ocrx_word' id='word_1_23' title='bbox 511 623 590 680; x_wconf 79' lang='lat' dir='ltr'>toris</span> <span class='ocrx_word' id='word_1_24' title='bbox 611 616 778 683; x_wconf 76' lang='lat' dir='ltr'>Lmaeusn</span> <span class='ocrx_word' id='word_1_25' title='bbox 800 617 878 678; x_wconf 84' lang='lat' dir='ltr'>libat</span> <span class='ocrx_word' id='word_1_26' title='bbox 896 615 1059 676; x_wconf 78' lang='lat' dir='ltr'>lunarem.</span> 
     </span>
     <span class='ocr_line' id='line_1_5' title="bbox 170 727 347 805; baseline -0.017 -13"><span class='ocrx_word' id='word_1_27' title='bbox 170 728 246 805; x_wconf 87' lang='lat' dir='ltr'>Vll,</span> <span class='ocrx_word' id='word_1_28' title='bbox 274 727 347 792; x_wconf 77' lang='lat'>133:</span> 
     </span>
     <span class='ocr_line' id='line_1_6' title="bbox 250 838 709 919; baseline -0.004 -17"><span class='ocrx_word' id='word_1_29' title='bbox 250 841 350 902; x_wconf 86' lang='lat' dir='ltr'>Nune</span> <span class='ocrx_word' id='word_1_30' title='bbox 368 845 499 919; x_wconf 78' lang='lat' dir='ltr'>petuas</span> <span class='ocrx_word' id='word_1_31' title='bbox 519 838 612 900; x_wconf 59' lang='lat' dir='ltr'>&amp;late</span> <span class='ocrx_word' id='word_1_32' title='bbox 632 839 709 900; x_wconf 76' lang='lat' dir='ltr'>1sst,</span> 
     </span>
     <span class='ocr_line' id='line_1_7' title="bbox 125 924 345 1031; baseline 0 -21"><span class='ocrx_word' id='word_1_33' title='bbox 125 924 129 933; x_wconf 82' lang='grc'><em>’</em></span> <span class='ocrx_word' id='word_1_34' title='bbox 167 947 246 1031; x_wconf 76' lang='lat' dir='ltr'>nu,</span> <span class='ocrx_word' id='word_1_35' title='bbox 270 948 345 1011; x_wconf 78' lang='lat'>174:</span> 
     </span>
     <span class='ocr_line' id='line_1_8' title="bbox 630 1049 1086 1148; baseline -0.015 -31"><span class='ocrx_word' id='word_1_36' title='bbox 630 1053 820 1134; x_wconf 79' lang='lat' dir='ltr'>Paterieque</span> <span class='ocrx_word' id='word_1_37' title='bbox 841 1052 958 1148; x_wconf 67' lang='lat' dir='ltr'>altapia</span> <span class='ocrx_word' id='word_1_38' title='bbox 978 1049 1086 1111; x_wconf 84' lang='lat' dir='ltr'>libant.</span> 
     </span>
     <span class='ocr_line' id='line_1_9' title="bbox 169 1153 897 1242; baseline -0.011 -16"><span class='ocrx_word' id='word_1_39' title='bbox 169 1163 219 1226; x_wconf 89' lang='lat' dir='ltr'>De</span> <span class='ocrx_word' id='word_1_40' title='bbox 241 1161 362 1224; x_wconf 78' lang='lat' dir='ltr'>Cerere</span> <span class='ocrx_word' id='word_1_41' title='bbox 383 1169 489 1222; x_wconf 86' lang='lat' dir='ltr'>monet</span> <span class='ocrx_word' id='word_1_42' title='bbox 509 1166 605 1242; x_wconf 84' lang='lat' dir='ltr'>poeta</span> <span class='ocrx_word' id='word_1_43' title='bbox 626 1157 749 1241; x_wconf 86' lang='lat' dir='ltr'>Georg.</span> <span class='ocrx_word' id='word_1_44' title='bbox 772 1160 798 1239; x_wconf 94' lang='lat' dir='ltr'>l,</span> <span class='ocrx_word' id='word_1_45' title='bbox 819 1153 897 1218; x_wconf 77' lang='lat'>344:</span> 
     </span>
     <span class='ocr_line' id='line_1_10' title="bbox 252 1269 986 1352; baseline -0.012 -16"><span class='ocrx_word' id='word_1_46' title='bbox 252 1273 314 1336; x_wconf 80' lang='lat' dir='ltr'>cst</span> <span class='ocrx_word' id='word_1_47' title='bbox 333 1281 368 1334; x_wconf 91' lang='lat' dir='ltr'>tu</span> <span class='ocrx_word' id='word_1_48' title='bbox 389 1273 472 1336; x_wconf 83' lang='lat' dir='ltr'>laete</span> <span class='ocrx_word' id='word_1_49' title='bbox 486 1274 582 1352; x_wconf 79' lang='lat' dir='ltr'>[aeos</span> <span class='ocrx_word' id='word_1_50' title='bbox 603 1277 634 1332; x_wconf 87' lang='lat' dir='ltr'>et</span> <span class='ocrx_word' id='word_1_51' title='bbox 653 1274 723 1331; x_wconf 85' lang='lat' dir='ltr'>miti</span> <span class='ocrx_word' id='word_1_52' title='bbox 740 1270 827 1331; x_wconf 86' lang='lat' dir='ltr'>dilue</span> <span class='ocrx_word' id='word_1_53' title='bbox 846 1269 986 1330; x_wconf 84' lang='lat' dir='ltr'>Baealte.</span> 
     </span>
     <span class='ocr_line' id='line_1_11' title="bbox 159 1373 1418 1461; baseline -0.004 -18"><span class='ocrx_word' id='word_1_54' title='bbox 159 1379 312 1443; x_wconf 82' lang='lat' dir='ltr'>&#39;Offendit</span> <span class='ocrx_word' id='word_1_55' title='bbox 332 1379 517 1461; x_wconf 73' lang='lat' dir='ltr'>Euangelus</span> <span class='ocrx_word' id='word_1_56' title='bbox 539 1378 622 1460; x_wconf 92' lang='lat' dir='ltr'>apud</span> <span class='ocrx_word' id='word_1_57' title='bbox 643 1377 785 1441; x_wconf 79' lang='lat' dir='ltr'>Maerob,</span> <span class='ocrx_word' id='word_1_58' title='bbox 808 1379 867 1456; x_wconf 86' lang='grc' dir='ltr'><strong>ΙΙΙ,</strong></span> <span class='ocrx_word' id='word_1_59' title='bbox 883 1376 941 1458; x_wconf 78' lang='lat' dir='ltr'>tt,</span> <span class='ocrx_word' id='word_1_60' title='bbox 964 1374 1046 1458; x_wconf 90' lang='lat' dir='ltr'>quod</span> <span class='ocrx_word' id='word_1_61' title='bbox 1066 1375 1141 1440; x_wconf 87' lang='lat' dir='ltr'>vino</span> <span class='ocrx_word' id='word_1_62' title='bbox 1153 1373 1267 1438; x_wconf 84' lang='lat' dir='ltr'>Cereri</span> <span class='ocrx_word' id='word_1_63' title='bbox 1290 1377 1418 1440; x_wconf 88' lang='lat' dir='ltr'>libetur.</span> 
     </span>
     <span class='ocr_line' id='line_1_12' title="bbox 169 1483 1419 1568; baseline -0.004 -17"><span class='ocrx_word' id='word_1_64' title='bbox 169 1489 396 1551; x_wconf 75' lang='lat' dir='ltr'>Praetextatus</span> <span class='ocrx_word' id='word_1_65' title='bbox 417 1490 462 1548; x_wconf 89' lang='lat' dir='ltr'>ita</span> <span class='ocrx_word' id='word_1_66' title='bbox 483 1483 636 1568; x_wconf 82' lang='lat' dir='ltr'>defendit,</span> <span class='ocrx_word' id='word_1_67' title='bbox 653 1494 687 1548; x_wconf 91' lang='lat' dir='ltr'>ut</span> <span class='ocrx_word' id='word_1_68' title='bbox 708 1487 809 1547; x_wconf 69' lang='lat' dir='ltr'>nnuma</span> <span class='ocrx_word' id='word_1_69' title='bbox 831 1484 919 1546; x_wconf 89' lang='lat' dir='ltr'>libari</span> <span class='ocrx_word' id='word_1_70' title='bbox 934 1483 1121 1546; x_wconf 80' lang='lat' dir='ltr'>contendat:</span> <span class='ocrx_word' id='word_1_71' title='bbox 1146 1484 1293 1564; x_wconf 84' lang='lat' dir='ltr'>„Notum</span> <span class='ocrx_word' id='word_1_72' title='bbox 1306 1493 1419 1546; x_wconf 89' lang='lat' dir='ltr'>autem</span> 
     </span>
     <span class='ocr_line' id='line_1_13' title="bbox 170 1591 1420 1678; baseline -0.004 -19"><span class='ocrx_word' id='word_1_73' title='bbox 170 1615 246 1659; x_wconf 89' lang='lat' dir='ltr'>esse</span> <span class='ocrx_word' id='word_1_74' title='bbox 267 1617 329 1658; x_wconf 94' lang='lat' dir='ltr'>non</span> <span class='ocrx_word' id='word_1_75' title='bbox 350 1595 541 1678; x_wconf 84' lang='lat' dir='ltr'>diffitebere,</span> <span class='ocrx_word' id='word_1_76' title='bbox 562 1592 646 1677; x_wconf 92' lang='lat' dir='ltr'>quod</span> <span class='ocrx_word' id='word_1_77' title='bbox 663 1593 702 1655; x_wconf 93' lang='lat' dir='ltr'>ad</span> <span class='ocrx_word' id='word_1_78' title='bbox 724 1594 807 1656; x_wconf 85' lang='lat' dir='ltr'>diem</span> <span class='ocrx_word' id='word_1_79' title='bbox 826 1591 1047 1655; x_wconf 81' lang='lat' dir='ltr'>duodecimum</span> <span class='ocrx_word' id='word_1_80' title='bbox 1071 1591 1223 1654; x_wconf 88' lang='lat' dir='ltr'>kalendas</span> <span class='ocrx_word' id='word_1_81' title='bbox 1247 1591 1420 1654; x_wconf 84' lang='lat' dir='ltr'>lanuarias</span> 
     </span>
     <span class='ocr_line' id='line_1_14' title="bbox 169 1698 1417 1785; baseline -0.005 -18"><span class='ocrx_word' id='word_1_82' title='bbox 169 1705 299 1767; x_wconf 83' lang='lat' dir='ltr'>Herauli</span> <span class='ocrx_word' id='word_1_83' title='bbox 314 1714 347 1766; x_wconf 88' lang='lat' dir='ltr'>et</span> <span class='ocrx_word' id='word_1_84' title='bbox 368 1703 482 1765; x_wconf 84' lang='lat' dir='ltr'>Cereri</span> <span class='ocrx_word' id='word_1_85' title='bbox 502 1703 622 1765; x_wconf 87' lang='lat' dir='ltr'>laniunt</span> <span class='ocrx_word' id='word_1_86' title='bbox 642 1721 700 1764; x_wconf 89' lang='lat' dir='ltr'>sue</span> <span class='ocrx_word' id='word_1_87' title='bbox 722 1710 908 1785; x_wconf 82' lang='lat' dir='ltr'>praegnata,</span> <span class='ocrx_word' id='word_1_88' title='bbox 930 1698 1226 1784; x_wconf 81' lang='lat' dir='ltr'>panibns‚mulso.“</span> <span class='ocrx_word' id='word_1_89' title='bbox 1259 1699 1328 1766; x_wconf 87' lang='lat' dir='ltr'>Sed</span> <span class='ocrx_word' id='word_1_90' title='bbox 1353 1701 1417 1762; x_wconf 83' lang='lat' dir='ltr'>ianr</span> 
     </span>
     <span class='ocr_line' id='line_1_15' title="bbox 170 1805 1478 1894; baseline 0 -20"><span class='ocrx_word' id='word_1_91' title='bbox 170 1812 252 1894; x_wconf 87' lang='lat' dir='ltr'>apud</span> <span class='ocrx_word' id='word_1_92' title='bbox 277 1812 433 1874; x_wconf 78' lang='lat' dir='ltr'>Catonern</span> <span class='ocrx_word' id='word_1_93' title='bbox 462 1811 501 1874; x_wconf 74' lang='lat' dir='ltr'>tt</span> <span class='ocrx_word' id='word_1_94' title='bbox 529 1811 568 1875; x_wconf 81' lang='lat' dir='ltr'>tt.</span> <span class='ocrx_word' id='word_1_95' title='bbox 591 1809 665 1873; x_wconf 79' lang='lat'>134:</span> <span class='ocrx_word' id='word_1_96' title='bbox 702 1812 844 1888; x_wconf 85' lang='lat' dir='ltr'>„Postea</span> <span class='ocrx_word' id='word_1_97' title='bbox 872 1811 983 1874; x_wconf 84' lang='lat' dir='ltr'>Cereri</span> <span class='ocrx_word' id='word_1_98' title='bbox 1015 1821 1091 1875; x_wconf 86' lang='lat' dir='ltr'>exta</span> <span class='ocrx_word' id='word_1_99' title='bbox 1113 1823 1146 1876; x_wconf 91' lang='lat' dir='ltr'>et</span> <span class='ocrx_word' id='word_1_100' title='bbox 1166 1810 1277 1874; x_wconf 89' lang='lat' dir='ltr'>vinum</span> <span class='ocrx_word' id='word_1_101' title='bbox 1301 1807 1417 1874; x_wconf 83' lang='lat' dir='ltr'>dato.“</span> <span class='ocrx_word' id='word_1_102' title='bbox 1477 1805 1478 1826; x_wconf 80' lang='lat'>³</span> 
     </span>
     <span class='ocr_line' id='line_1_16' title="bbox 169 1917 1478 2000; baseline -0.002 -17"><span class='ocrx_word' id='word_1_103' title='bbox 169 1920 293 1983; x_wconf 69' lang='lat' dir='ltr'>b&#39;ernrn</span> <span class='ocrx_word' id='word_1_104' title='bbox 315 1920 397 1983; x_wconf 88' lang='lat' dir='ltr'>enim</span> <span class='ocrx_word' id='word_1_105' title='bbox 420 1937 497 1980; x_wconf 88' lang='lat' dir='ltr'>vere</span> <span class='ocrx_word' id='word_1_106' title='bbox 519 1917 581 1980; x_wconf 88' lang='lat' dir='ltr'>bae</span> <span class='ocrx_word' id='word_1_107' title='bbox 602 1936 713 1980; x_wconf 89' lang='lat' dir='ltr'>omnes</span> <span class='ocrx_word' id='word_1_108' title='bbox 735 1919 903 1980; x_wconf 82' lang='lat' dir='ltr'>libationes</span> <span class='ocrx_word' id='word_1_109' title='bbox 918 1917 994 1980; x_wconf 87' lang='lat' dir='ltr'>vino</span> <span class='ocrx_word' id='word_1_110' title='bbox 1016 1928 1165 2000; x_wconf 89' lang='lat' dir='ltr'>peraetae</span> <span class='ocrx_word' id='word_1_111' title='bbox 1186 1929 1280 1996; x_wconf 71' lang='lat' dir='ltr'>sunt,</span> <span class='ocrx_word' id='word_1_112' title='bbox 1306 1921 1414 1982; x_wconf 87' lang='lat' dir='ltr'>exsti-</span> <span class='ocrx_word' id='word_1_113' title='bbox 1477 1929 1478 1968; x_wconf 65' lang='grc' dir='ltr'>ἒ</span> 
     </span>
     <span class='ocr_line' id='line_1_17' title="bbox 83 2013 1416 2108; baseline -0.003 -15"><span class='ocrx_word' id='word_1_114' title='bbox 83 2088 86 2093; x_wconf 91' lang='grc'><strong>,</strong></span> <span class='ocrx_word' id='word_1_115' title='bbox 170 2035 275 2090; x_wconf 84' lang='lat' dir='ltr'>terunt</span> <span class='ocrx_word' id='word_1_116' title='bbox 296 2027 379 2089; x_wconf 89' lang='lat' dir='ltr'>aliae</span> <span class='ocrx_word' id='word_1_117' title='bbox 400 2044 526 2108; x_wconf 89' lang='lat' dir='ltr'>quoque</span> <span class='ocrx_word' id='word_1_118' title='bbox 547 2027 617 2089; x_wconf 92' lang='lat' dir='ltr'>aliis</span> <span class='ocrx_word' id='word_1_119' title='bbox 637 2025 809 2108; x_wconf 87' lang='lat' dir='ltr'>liquoribus</span> <span class='ocrx_word' id='word_1_120' title='bbox 831 2013 1024 2092; x_wconf 80' lang='lat' dir='ltr'>afferendae.</span> <span class='ocrx_word' id='word_1_121' title='bbox 1039 2030 1120 2090; x_wconf 87' lang='lat' dir='ltr'>&#39;Hue</span> <span class='ocrx_word' id='word_1_122' title='bbox 1141 2028 1251 2090; x_wconf 88' lang='lat' dir='ltr'>neseio</span> <span class='ocrx_word' id='word_1_123' title='bbox 1274 2047 1316 2090; x_wconf 87' lang='lat' dir='ltr'>an</span> <span class='ocrx_word' id='word_1_124' title='bbox 1338 2047 1416 2107; x_wconf 87' lang='lat' dir='ltr'>per·</span> 
     </span>
     <span class='ocr_line' id='line_1_18' title="bbox 171 2131 1417 2216; baseline 0.005 -23"><span class='ocrx_word' id='word_1_125' title='bbox 171 2137 270 2194; x_wconf 89' lang='lat' dir='ltr'>tineat</span> <span class='ocrx_word' id='word_1_126' title='bbox 291 2149 362 2194; x_wconf 89' lang='lat' dir='ltr'>mos</span> <span class='ocrx_word' id='word_1_127' title='bbox 383 2132 436 2193; x_wconf 93' lang='lat' dir='ltr'>ille</span> <span class='ocrx_word' id='word_1_128' title='bbox 457 2133 598 2207; x_wconf 85' lang='lat' dir='ltr'>Aeneae,</span> <span class='ocrx_word' id='word_1_129' title='bbox 623 2134 675 2215; x_wconf 91' lang='lat' dir='ltr'>qui</span> <span class='ocrx_word' id='word_1_130' title='bbox 695 2141 818 2214; x_wconf 92' lang='lat' dir='ltr'>patrem</span> <span class='ocrx_word' id='word_1_131' title='bbox 842 2131 1024 2196; x_wconf 79' lang='lat' dir='ltr'>&#39;l’iberinum</span> <span class='ocrx_word' id='word_1_132' title='bbox 1054 2133 1290 2216; x_wconf 86' lang='lat' dir='ltr'>Nymphasque</span> <span class='ocrx_word' id='word_1_133' title='bbox 1324 2137 1417 2199; x_wconf 83' lang='lat' dir='ltr'>Lau·</span> 
     </span>
     <span class='ocr_line' id='line_1_19' title="bbox 171 2239 1417 2325; baseline 0.002 -20"><span class='ocrx_word' id='word_1_134' title='bbox 171 2251 279 2306; x_wconf 86' lang='lat' dir='ltr'>rentes</span> <span class='ocrx_word' id='word_1_135' title='bbox 302 2239 489 2304; x_wconf 88' lang='lat' dir='ltr'>adoraturus</span> <span class='ocrx_word' id='word_1_136' title='bbox 523 2242 616 2325; x_wconf 86' lang='lat' dir='ltr'>Vlll,</span> <span class='ocrx_word' id='word_1_137' title='bbox 639 2241 690 2306; x_wconf 79' lang='grc'>69.</span> <span class='ocrx_word' id='word_1_138' title='bbox 724 2247 785 2303; x_wconf 84' lang='lat' dir='ltr'>rite</span> <span class='ocrx_word' id='word_1_139' title='bbox 807 2246 894 2304; x_wconf 86' lang='lat' dir='ltr'>eoois</span> <span class='ocrx_word' id='word_1_140' title='bbox 916 2245 1034 2304; x_wconf 81' lang='lat' dir='ltr'>uadum</span> <span class='ocrx_word' id='word_1_141' title='bbox 1064 2247 1104 2305; x_wconf 86' lang='lat' dir='ltr'>de</span> <span class='ocrx_word' id='word_1_142' title='bbox 1131 2248 1265 2324; x_wconf 71' lang='lat' dir='ltr'>flumine</span> <span class='ocrx_word' id='word_1_143' title='bbox 1298 2249 1417 2324; x_wconf 80' lang='lat' dir='ltr'>palmis</span> 
     </span>
     <span class='ocr_line' id='line_1_20' title="bbox 171 2349 1412 2433; baseline 0.005 -20"><span class='ocrx_word' id='word_1_144' title='bbox 171 2349 326 2426; x_wconf 73' lang='lat' dir='ltr'>Sustinet,</span> <span class='ocrx_word' id='word_1_145' title='bbox 352 2350 411 2412; x_wconf 85' lang='lat' dir='ltr'>nisi</span> <span class='ocrx_word' id='word_1_146' title='bbox 433 2351 541 2414; x_wconf 89' lang='lat' dir='ltr'>verius</span> <span class='ocrx_word' id='word_1_147' title='bbox 563 2353 621 2432; x_wconf 88' lang='lat' dir='ltr'>sit,</span> <span class='ocrx_word' id='word_1_148' title='bbox 651 2352 735 2416; x_wconf 90' lang='lat' dir='ltr'>hane</span> <span class='ocrx_word' id='word_1_149' title='bbox 755 2353 972 2416; x_wconf 85' lang='lat' dir='ltr'>lustrationem</span> <span class='ocrx_word' id='word_1_150' title='bbox 1004 2373 1096 2433; x_wconf 90' lang='lat' dir='ltr'>esse,</span> <span class='ocrx_word' id='word_1_151' title='bbox 1127 2376 1189 2418; x_wconf 91' lang='lat' dir='ltr'>non</span> <span class='ocrx_word' id='word_1_152' title='bbox 1219 2355 1412 2419; x_wconf 85' lang='lat' dir='ltr'>libationem.</span> 
     </span>
     <span class='ocr_line' id='line_1_21' title="bbox 170 2449 1478 2582; baseline 0.005 -61"><span class='ocrx_word' id='word_1_153' title='bbox 170 2459 273 2521; x_wconf 73' lang='lat' dir='ltr'>Estne</span> <span class='ocrx_word' id='word_1_154' title='bbox 293 2460 334 2524; x_wconf 82' lang='lat' dir='ltr'>ad</span> <span class='ocrx_word' id='word_1_155' title='bbox 355 2460 514 2524; x_wconf 84' lang='lat' dir='ltr'>flammam</span> <span class='ocrx_word' id='word_1_156' title='bbox 534 2463 638 2524; x_wconf 88' lang='lat' dir='ltr'>solum</span> <span class='ocrx_word' id='word_1_157' title='bbox 659 2462 818 2541; x_wconf 84' lang='lat' dir='ltr'>alendam,</span> <span class='ocrx_word' id='word_1_158' title='bbox 841 2463 925 2546; x_wconf 91' lang='lat' dir='ltr'>qood</span> <span class='ocrx_word' id='word_1_159' title='bbox 940 2465 1070 2525; x_wconf 87' lang='lat' dir='ltr'>Aeneas</span> <span class='ocrx_word' id='word_1_160' title='bbox 1090 2465 1249 2528; x_wconf 77' lang='lat' dir='ltr'>saenfiaat</span> <span class='ocrx_word' id='word_1_161' title='bbox 1262 2462 1322 2542; x_wconf 87' lang='lat' dir='ltr'>Vl,</span> <span class='ocrx_word' id='word_1_162' title='bbox 1337 2465 1416 2528; x_wconf 76' lang='lat'>254:</span> <span class='ocrx_word' id='word_1_163' title='bbox 1477 2449 1478 2582; x_wconf 95' lang='grc' dir='ltr'><strong>Ι</strong></span> 
     </span>
     <span class='ocr_line' id='line_1_22' title="bbox 173 2559 1478 2650; baseline 0.002 -19"><span class='ocrx_word' id='word_1_164' title='bbox 173 2626 175 2631; x_wconf 93' lang='grc'><strong>.</strong></span> <span class='ocrx_word' id='word_1_165' title='bbox 253 2569 380 2648; x_wconf 79' lang='lat' dir='ltr'>Piupue</span> <span class='ocrx_word' id='word_1_166' title='bbox 398 2589 496 2648; x_wconf 85' lang='lat' dir='ltr'>super</span> <span class='ocrx_word' id='word_1_167' title='bbox 515 2571 618 2632; x_wconf 84' lang='lat' dir='ltr'>oleum</span> <span class='ocrx_word' id='word_1_168' title='bbox 639 2571 814 2650; x_wconf 81' lang='lat' dir='ltr'>infundens</span> <span class='ocrx_word' id='word_1_169' title='bbox 835 2571 1020 2632; x_wconf 76' lang='lat' dir='ltr'>ardentibus</span> <span class='ocrx_word' id='word_1_170' title='bbox 1040 2575 1137 2632; x_wconf 79' lang='lat' dir='ltr'>eutr&#39;s.</span> <span class='ocrx_word' id='word_1_171' title='bbox 1477 2559 1478 2646; x_wconf 93' lang='grc' dir='ltr'>Ι</span> 
     </span>
     <span class='ocr_line' id='line_1_23' title="bbox 121 2675 1411 2762; baseline 0.002 -25"><span class='ocrx_word' id='word_1_172' title='bbox 121 2675 124 2681; x_wconf 88' lang='grc'><strong>’</strong></span> <span class='ocrx_word' id='word_1_173' title='bbox 170 2675 354 2739; x_wconf 83' lang='lat' dir='ltr'>Notandum</span> <span class='ocrx_word' id='word_1_174' title='bbox 377 2679 472 2760; x_wconf 86' lang='lat' dir='ltr'>eninr,</span> <span class='ocrx_word' id='word_1_175' title='bbox 501 2696 627 2741; x_wconf 82' lang='lat' dir='ltr'>suarum</span> <span class='ocrx_word' id='word_1_176' title='bbox 648 2677 710 2741; x_wconf 89' lang='lat' dir='ltr'>hae</span> <span class='ocrx_word' id='word_1_177' title='bbox 730 2679 800 2741; x_wconf 89' lang='lat' dir='ltr'>loeo</span> <span class='ocrx_word' id='word_1_178' title='bbox 822 2677 891 2740; x_wconf 83' lang='lat' dir='ltr'>fieri</span> <span class='ocrx_word' id='word_1_179' title='bbox 911 2678 1029 2761; x_wconf 84' lang='lat' dir='ltr'>Stygio</span> <span class='ocrx_word' id='word_1_180' title='bbox 1050 2679 1121 2740; x_wconf 85' lang='lat' dir='ltr'>iovi</span> <span class='ocrx_word' id='word_1_181' title='bbox 1142 2685 1175 2740; x_wconf 90' lang='lat' dir='ltr'>et</span> <span class='ocrx_word' id='word_1_182' title='bbox 1192 2677 1411 2762; x_wconf 85' lang='lat' dir='ltr'>Proserpinae.</span> 
     </span>
     <span class='ocr_line' id='line_1_24' title="bbox 171 2783 1478 2880; baseline 0.002 -33"><span class='ocrx_word' id='word_1_183' title='bbox 171 2783 285 2847; x_wconf 88' lang='lat' dir='ltr'>Oleum</span> <span class='ocrx_word' id='word_1_184' title='bbox 297 2802 388 2868; x_wconf 85' lang='lat' dir='ltr'>vern,</span> <span class='ocrx_word' id='word_1_185' title='bbox 410 2787 461 2848; x_wconf 89' lang='lat' dir='ltr'>lae</span> <span class='ocrx_word' id='word_1_186' title='bbox 483 2787 680 2870; x_wconf 87' lang='lat' dir='ltr'>sanguisque</span> <span class='ocrx_word' id='word_1_187' title='bbox 695 2786 889 2849; x_wconf 90' lang='lat' dir='ltr'>libamenta&#39;</span> <span class='ocrx_word' id='word_1_188' title='bbox 881 2805 910 2848; x_wconf 93' lang='lat' dir='ltr'>m</span> <span class='ocrx_word' id='word_1_189' title='bbox 925 2786 1045 2849; x_wconf 82' lang='lat' dir='ltr'>inferiis</span> <span class='ocrx_word' id='word_1_190' title='bbox 1060 2785 1298 2850; x_wconf 88' lang='lat' dir='ltr'>adhibebantur</span> <span class='ocrx_word' id='word_1_191' title='bbox 1322 2787 1412 2867; x_wconf 85' lang='lat' dir='ltr'>Quod</span> <span class='ocrx_word' id='word_1_192' title='bbox 1477 2817 1478 2880; x_wconf 83' lang='grc' dir='ltr'>Ι</span> 
     </span>
     <span class='ocr_line' id='line_1_25' title="bbox 71 2893 1413 2987; baseline 0.006 -35"><span class='ocrx_word' id='word_1_193' title='bbox 71 2960 95 2987; x_wconf 25' lang='grc'>1,</span> <span class='ocrx_word' id='word_1_194' title='bbox 171 2895 320 2976; x_wconf 85' lang='lat' dir='ltr'>quamvis</span> <span class='ocrx_word' id='word_1_195' title='bbox 342 2893 382 2955; x_wconf 91' lang='lat' dir='ltr'>ad</span> <span class='ocrx_word' id='word_1_196' title='bbox 404 2894 597 2974; x_wconf 82' lang='lat' dir='ltr'>sepulturam</span> <span class='ocrx_word' id='word_1_197' title='bbox 620 2898 746 2976; x_wconf 86' lang='lat' dir='ltr'>proprie</span> <span class='ocrx_word' id='word_1_198' title='bbox 767 2896 809 2958; x_wconf 89' lang='lat' dir='ltr'>sit</span> <span class='ocrx_word' id='word_1_199' title='bbox 830 2895 1051 2978; x_wconf 83' lang='lat' dir='ltr'>relegandum,</span> <span class='ocrx_word' id='word_1_200' title='bbox 1074 2895 1125 2960; x_wconf 91' lang='lat' dir='ltr'>hie</span> <span class='ocrx_word' id='word_1_201' title='bbox 1146 2903 1251 2959; x_wconf 85' lang='lat' dir='ltr'>tamen</span> <span class='ocrx_word' id='word_1_202' title='bbox 1281 2896 1413 2960; x_wconf 88' lang='lat' dir='ltr'>deman&#39;-</span> 
     </span>
     <span class='ocr_line' id='line_1_26' title="bbox 171 3003 945 3088; baseline 0.001 -22"><span class='ocrx_word' id='word_1_203' title='bbox 171 3005 265 3066; x_wconf 91' lang='lat' dir='ltr'>strari</span> <span class='ocrx_word' id='word_1_204' title='bbox 286 3003 389 3065; x_wconf 79' lang='lat' dir='ltr'>lineat.</span> <span class='ocrx_word' id='word_1_205' title='bbox 412 3003 472 3088; x_wconf 91' lang='lat' dir='ltr'>Vl,</span> <span class='ocrx_word' id='word_1_206' title='bbox 493 3004 596 3071; x_wconf 54' lang='lat' dir='ltr'>224ss</span> <span class='ocrx_word' id='word_1_207' title='bbox 587 3025 618 3067; x_wconf 87' lang='lat' dir='ltr'>rn</span> <span class='ocrx_word' id='word_1_208' title='bbox 639 3003 789 3068; x_wconf 90' lang='lat' dir='ltr'>honorem</span> <span class='ocrx_word' id='word_1_209' title='bbox 812 3005 945 3070; x_wconf 81' lang='lat' dir='ltr'>Miseni:</span> 
     </span>
    </p>
   </div>
   <div class='ocr_carea' id='block_1_3' title="bbox 166 3113 998 3300">
    <p class='ocr_par' dir='ltr' id='par_1_3' title="bbox 166 3113 998 3300">
     <span class='ocr_line' id='line_1_27' title="bbox 634 3113 998 3191; baseline -0.003 -15"><span class='ocrx_word' id='word_1_210' title='bbox 634 3113 805 3191; x_wconf 68' lang='lat' dir='ltr'>Ganuenta</span> <span class='ocrx_word' id='word_1_211' title='bbox 814 3121 998 3175; x_wconf 80' lang='lat' dir='ltr'>cremantur</span> 
     </span>
     <span class='ocr_line' id='line_1_28' title="bbox 166 3219 997 3300; baseline 0.004 -20"><span class='ocrx_word' id='word_1_212' title='bbox 166 3235 170 3242; x_wconf 82' lang='grc'><em>·</em></span> <span class='ocrx_word' id='word_1_213' title='bbox 257 3219 360 3282; x_wconf 75' lang='grc' dir='ltr'><strong>ΙΙΙνεα</strong></span> <span class='ocrx_word' id='word_1_214' title='bbox 380 3221 475 3299; x_wconf 86' lang='lat' dir='ltr'>duaa,</span> <span class='ocrx_word' id='word_1_215' title='bbox 498 3221 605 3299; x_wconf 81' lang='lat' dir='ltr'>dapes,</span> <span class='ocrx_word' id='word_1_216' title='bbox 624 3221 702 3300; x_wconf 81' lang='lat' dir='ltr'>fusa</span> <span class='ocrx_word' id='word_1_217' title='bbox 724 3226 865 3280; x_wconf 83' lang='lat' dir='ltr'>aratores</span> <span class='ocrx_word' id='word_1_218' title='bbox 884 3221 997 3283; x_wconf 84' lang='lat' dir='ltr'>aliea.</span> 
     </span>
    </p>
   </div>
   <div class='ocr_carea' id='block_1_4' title="bbox 169 3326 1115 4072">
    <p class='ocr_par' dir='ltr' id='par_1_4' title="bbox 169 3326 1115 3732">
     <span class='ocr_line' id='line_1_29' title="bbox 169 3326 1074 3410; baseline 0.001 -21"><span class='ocrx_word' id='word_1_219' title='bbox 169 3327 255 3389; x_wconf 83' lang='lat' dir='ltr'>llina</span> <span class='ocrx_word' id='word_1_220' title='bbox 276 3326 452 3408; x_wconf 81' lang='lat' dir='ltr'>explicandi</span> <span class='ocrx_word' id='word_1_221' title='bbox 472 3345 590 3390; x_wconf 87' lang='lat' dir='ltr'>versus</span> <span class='ocrx_word' id='word_1_222' title='bbox 612 3326 794 3389; x_wconf 84' lang='lat' dir='ltr'>suavissimi</span> <span class='ocrx_word' id='word_1_223' title='bbox 816 3327 932 3410; x_wconf 80' lang='lat' dir='ltr'>Eeleg.</span> <span class='ocrx_word' id='word_1_224' title='bbox 952 3329 996 3406; x_wconf 87' lang='lat' dir='ltr'>V,</span> <span class='ocrx_word' id='word_1_225' title='bbox 1016 3329 1074 3390; x_wconf 84' lang='grc'>663</span> 
     </span>
     <span class='ocr_line' id='line_1_30' title="bbox 250 3434 1096 3515; baseline -0.001 -16"><span class='ocrx_word' id='word_1_226' title='bbox 250 3440 339 3500; x_wconf 80' lang='lat' dir='ltr'>llere</span> <span class='ocrx_word' id='word_1_227' title='bbox 359 3439 443 3498; x_wconf 82' lang='lat' dir='ltr'>duas</span> <span class='ocrx_word' id='word_1_228' title='bbox 463 3436 528 3509; x_wconf 83' lang='lat' dir='ltr'>tibi,</span> <span class='ocrx_word' id='word_1_229' title='bbox 549 3434 693 3515; x_wconf 80' lang='lat' dir='ltr'>Dapltui,</span> <span class='ocrx_word' id='word_1_230' title='bbox 716 3435 799 3496; x_wconf 83' lang='lat' dir='ltr'>duas</span> <span class='ocrx_word' id='word_1_231' title='bbox 820 3435 938 3502; x_wconf 85' lang='lat' dir='ltr'>altaria</span> <span class='ocrx_word' id='word_1_232' title='bbox 959 3437 1096 3498; x_wconf 82' lang='lat' dir='ltr'>Phoebe.</span> 
     </span>
     <span class='ocr_line' id='line_1_31' title="bbox 251 3545 1115 3625; baseline -0.001 -16"><span class='ocrx_word' id='word_1_233' title='bbox 251 3546 374 3609; x_wconf 80' lang='lat' dir='ltr'>Pocula</span> <span class='ocrx_word' id='word_1_234' title='bbox 394 3547 469 3605; x_wconf 86' lang='lat' dir='ltr'>bina</span> <span class='ocrx_word' id='word_1_235' title='bbox 490 3563 569 3604; x_wconf 82' lang='lat' dir='ltr'>rraoe</span> <span class='ocrx_word' id='word_1_236' title='bbox 588 3546 773 3620; x_wconf 80' lang='lat' dir='ltr'>spumantia</span> <span class='ocrx_word' id='word_1_237' title='bbox 795 3545 902 3604; x_wconf 87' lang='lat' dir='ltr'>laete</span> <span class='ocrx_word' id='word_1_238' title='bbox 924 3551 1115 3625; x_wconf 73' lang='lat' dir='ltr'>quotannis</span> 
     </span>
     <span class='ocr_line' id='line_1_32' title="bbox 252 3641 1080 3732; baseline 0.002 -17"><span class='ocrx_word' id='word_1_239' title='bbox 252 3655 466 3732; x_wconf 68' lang='lat' dir='ltr'>Crateronque</span> <span class='ocrx_word' id='word_1_240' title='bbox 486 3641 565 3714; x_wconf 85' lang='lat' dir='ltr'>duos</span> <span class='ocrx_word' id='word_1_241' title='bbox 585 3657 724 3714; x_wconf 85' lang='lat' dir='ltr'>statuum</span> <span class='ocrx_word' id='word_1_242' title='bbox 746 3654 803 3714; x_wconf 82' lang='lat' dir='ltr'>tili</span> <span class='ocrx_word' id='word_1_243' title='bbox 818 3657 951 3732; x_wconf 73' lang='lat' dir='ltr'>pinquis</span> <span class='ocrx_word' id='word_1_244' title='bbox 972 3654 1080 3718; x_wconf 81' lang='lat' dir='ltr'>elisi.</span> 
     </span>
    </p>

    <p class='ocr_par' dir='ltr' id='par_1_5' title="bbox 171 3759 670 3844">
     <span class='ocr_line' id='line_1_33' title="bbox 171 3759 670 3844; baseline 0.006 -22"><span class='ocrx_word' id='word_1_245' title='bbox 171 3761 283 3822; x_wconf 80' lang='lat' dir='ltr'>&#39;l&#39;ibuli</span> <span class='ocrx_word' id='word_1_246' title='bbox 305 3762 389 3844; x_wconf 84' lang='lat' dir='ltr'>eleg.</span> <span class='ocrx_word' id='word_1_247' title='bbox 410 3760 473 3842; x_wconf 86' lang='grc' dir='ltr'><strong>ΙΙΙ,</strong></span> <span class='ocrx_word' id='word_1_248' title='bbox 495 3759 525 3836; x_wconf 75' lang='grc'><strong>2,</strong></span> <span class='ocrx_word' id='word_1_249' title='bbox 551 3761 607 3825; x_wconf 84' lang='lat' dir='ltr'>te:</span> <span class='ocrx_word' id='word_1_250' title='bbox 666 3787 670 3794; x_wconf 92' lang='lat'><strong>·</strong></span> 
     </span>
    </p>

    <p class='ocr_par' dir='ltr' id='par_1_6' title="bbox 252 3863 1066 4072">
     <span class='ocr_line' id='line_1_34' title="bbox 252 3863 1066 3956; baseline 0.005 -27"><span class='ocrx_word' id='word_1_251' title='bbox 252 3870 296 3930; x_wconf 82' lang='lat' dir='ltr'>Et</span> <span class='ocrx_word' id='word_1_252' title='bbox 315 3863 448 3950; x_wconf 86' lang='lat' dir='ltr'>primum</span> <span class='ocrx_word' id='word_1_253' title='bbox 471 3888 591 3933; x_wconf 84' lang='lat' dir='ltr'>annaeo</span> <span class='ocrx_word' id='word_1_254' title='bbox 612 3878 764 3954; x_wconf 82' lang='lat' dir='ltr'>spargant</span> <span class='ocrx_word' id='word_1_255' title='bbox 786 3872 917 3934; x_wconf 87' lang='lat' dir='ltr'>eolleeta</span> <span class='ocrx_word' id='word_1_256' title='bbox 940 3872 1066 3956; x_wconf 79' lang='lat' dir='ltr'>Lyaeo,</span> 
     </span>
     <span class='ocr_line' id='line_1_35' title="bbox 286 3976 1047 4072; baseline 0.005 -34"><span class='ocrx_word' id='word_1_257' title='bbox 286 4003 293 4019; x_wconf 44' lang='grc' dir='ltr'>ι</span> <span class='ocrx_word' id='word_1_258' title='bbox 334 3977 414 4039; x_wconf 80' lang='lat' dir='ltr'>Mox</span> <span class='ocrx_word' id='word_1_259' title='bbox 437 3976 531 4038; x_wconf 89' lang='lat' dir='ltr'>etiam</span> <span class='ocrx_word' id='word_1_260' title='bbox 548 3977 645 4039; x_wconf 85' lang='lat' dir='ltr'>niveo</span> <span class='ocrx_word' id='word_1_261' title='bbox 665 3976 800 4040; x_wconf 86' lang='lat' dir='ltr'>fundere</span> <span class='ocrx_word' id='word_1_262' title='bbox 821 3979 905 4072; x_wconf 72' lang='lat' dir='ltr'>laete</span> <span class='ocrx_word' id='word_1_263' title='bbox 927 3983 1047 4059; x_wconf 85' lang='lat' dir='ltr'>parent.</span> 
     </span>
    </p>
   </div>
   <div class='ocr_carea' id='block_1_5' title="bbox 170 4100 1405 4859">
    <p class='ocr_par' dir='ltr' id='par_1_7' title="bbox 170 4100 1405 4859">
     <span class='ocr_line' id='line_1_36' title="bbox 170 4100 1405 4188; baseline 0.005 -22"><span class='ocrx_word' id='word_1_264' title='bbox 170 4103 278 4166; x_wconf 92' lang='lat' dir='ltr'>Varro</span> <span class='ocrx_word' id='word_1_265' title='bbox 299 4100 392 4174; x_wconf 83' lang='lat' dir='ltr'>Cato,</span> <span class='ocrx_word' id='word_1_266' title='bbox 416 4103 469 4165; x_wconf 86' lang='lat' dir='ltr'>vel</span> <span class='ocrx_word' id='word_1_267' title='bbox 489 4102 656 4167; x_wconf 82' lang='lat' dir='ltr'>delibaris</span> <span class='ocrx_word' id='word_1_268' title='bbox 682 4104 857 4169; x_wconf 84' lang='lat' dir='ltr'>adunandis</span> <span class='ocrx_word' id='word_1_269' title='bbox 891 4107 992 4188; x_wconf 83' lang='lat' dir='ltr'>(apud</span> <span class='ocrx_word' id='word_1_270' title='bbox 1014 4109 1098 4174; x_wconf 84' lang='lat' dir='ltr'>Nan.</span> <span class='ocrx_word' id='word_1_271' title='bbox 1120 4129 1147 4172; x_wconf 89' lang='lat' dir='ltr'>s.</span> <span class='ocrx_word' id='word_1_272' title='bbox 1172 4130 1206 4173; x_wconf 78' lang='lat' dir='ltr'>v.</span> <span class='ocrx_word' id='word_1_273' title='bbox 1226 4110 1352 4185; x_wconf 83' lang='lat' dir='ltr'>Rama)</span> <span class='ocrx_word' id='word_1_274' title='bbox 1372 4111 1405 4172; x_wconf 85' lang='lat' dir='ltr'>tr.</span> 
     </span>
     <span class='ocr_line' id='line_1_37' title="bbox 170 4211 1402 4300; baseline 0.003 -25"><span class='ocrx_word' id='word_1_275' title='bbox 170 4235 201 4297; x_wconf 90' lang='lat' dir='ltr'>p.</span> <span class='ocrx_word' id='word_1_276' title='bbox 221 4211 298 4275; x_wconf 76' lang='lat' dir='ltr'>tte:</span> <span class='ocrx_word' id='word_1_277' title='bbox 321 4213 442 4288; x_wconf 84' lang='lat' dir='ltr'>„Hisce</span> <span class='ocrx_word' id='word_1_278' title='bbox 463 4215 607 4278; x_wconf 91' lang='lat' dir='ltr'>manibus</span> <span class='ocrx_word' id='word_1_279' title='bbox 626 4216 710 4278; x_wconf 91' lang='lat' dir='ltr'>laete</span> <span class='ocrx_word' id='word_1_280' title='bbox 730 4215 779 4298; x_wconf 88' lang='lat' dir='ltr'>lit,</span> <span class='ocrx_word' id='word_1_281' title='bbox 798 4237 859 4280; x_wconf 92' lang='lat' dir='ltr'>nou</span> <span class='ocrx_word' id='word_1_282' title='bbox 877 4218 980 4280; x_wconf 89' lang='lat' dir='ltr'>vino.“</span> <span class='ocrx_word' id='word_1_283' title='bbox 1008 4219 1085 4281; x_wconf 84' lang='lat' dir='ltr'>Plio.</span> <span class='ocrx_word' id='word_1_284' title='bbox 1109 4219 1151 4282; x_wconf 90' lang='grc' dir='ltr'>Ν.</span> <span class='ocrx_word' id='word_1_285' title='bbox 1176 4219 1216 4281; x_wconf 87' lang='grc' dir='ltr'>Η.</span> <span class='ocrx_word' id='word_1_286' title='bbox 1238 4219 1332 4300; x_wconf 80' lang='lat' dir='ltr'>xiv,</span> <span class='ocrx_word' id='word_1_287' title='bbox 1355 4221 1402 4281; x_wconf 86' lang='grc'>143</span> 
     </span>
     <span class='ocr_line' id='line_1_38' title="bbox 171 4322 1405 4406; baseline 0.006 -21"><span class='ocrx_word' id='word_1_288' title='bbox 171 4322 361 4400; x_wconf 81' lang='lat' dir='ltr'>„Remulum</span> <span class='ocrx_word' id='word_1_289' title='bbox 382 4322 478 4403; x_wconf 90' lang='lat' dir='ltr'>laete,</span> <span class='ocrx_word' id='word_1_290' title='bbox 499 4341 562 4384; x_wconf 91' lang='lat' dir='ltr'>non</span> <span class='ocrx_word' id='word_1_291' title='bbox 583 4323 656 4386; x_wconf 91' lang='lat' dir='ltr'>vina</span> <span class='ocrx_word' id='word_1_292' title='bbox 677 4323 805 4406; x_wconf 90' lang='lat' dir='ltr'>libasse,</span> <span class='ocrx_word' id='word_1_293' title='bbox 830 4325 944 4388; x_wconf 91' lang='lat' dir='ltr'>indieio</span> <span class='ocrx_word' id='word_1_294' title='bbox 966 4335 1040 4388; x_wconf 91' lang='lat' dir='ltr'>sunt</span> <span class='ocrx_word' id='word_1_295' title='bbox 1061 4344 1155 4390; x_wconf 88' lang='lat' dir='ltr'>saera</span> <span class='ocrx_word' id='word_1_296' title='bbox 1182 4327 1223 4391; x_wconf 89' lang='lat' dir='ltr'>ab</span> <span class='ocrx_word' id='word_1_297' title='bbox 1254 4349 1294 4391; x_wconf 87' lang='lat' dir='ltr'>en</span> <span class='ocrx_word' id='word_1_298' title='bbox 1325 4330 1405 4392; x_wconf 88' lang='lat' dir='ltr'>insti-</span> 
     </span>
     <span class='ocr_line' id='line_1_39' title="bbox 171 4428 1400 4521; baseline 0.002 -26"><span class='ocrx_word' id='word_1_299' title='bbox 171 4443 247 4505; x_wconf 86' lang='lat' dir='ltr'>tuta,</span> <span class='ocrx_word' id='word_1_300' title='bbox 272 4447 354 4512; x_wconf 86' lang='lat' dir='ltr'>quae</span> <span class='ocrx_word' id='word_1_301' title='bbox 374 4428 468 4491; x_wconf 90' lang='lat' dir='ltr'>hodie</span> <span class='ocrx_word' id='word_1_302' title='bbox 488 4429 670 4493; x_wconf 88' lang='lat' dir='ltr'>eustodiunt</span> <span class='ocrx_word' id='word_1_303' title='bbox 690 4429 1133 4518; x_wconf 75' lang='lat' dir='ltr'>morem.“nrnon.tt11,20:</span> <span class='ocrx_word' id='word_1_304' title='bbox 1155 4435 1271 4516; x_wconf 86' lang='lat' dir='ltr'>„Quod</span> <span class='ocrx_word' id='word_1_305' title='bbox 1282 4437 1310 4499; x_wconf 93' lang='lat' dir='ltr'>si</span> <span class='ocrx_word' id='word_1_306' title='bbox 1320 4445 1400 4521; x_wconf 79' lang='lat' dir='ltr'>grata</span> 
     </span>
     <span class='ocr_line' id='line_1_40' title="bbox 170 4531 1404 4625; baseline 0.009 -26"><span class='ocrx_word' id='word_1_307' title='bbox 170 4531 349 4601; x_wconf 85' lang='lat' dir='ltr'>numinibus</span> <span class='ocrx_word' id='word_1_308' title='bbox 372 4537 482 4598; x_wconf 84' lang='lat' dir='ltr'>irtleris</span> <span class='ocrx_word' id='word_1_309' title='bbox 504 4556 556 4617; x_wconf 92' lang='lat' dir='ltr'>ea,</span> <span class='ocrx_word' id='word_1_310' title='bbox 580 4555 663 4618; x_wconf 89' lang='lat' dir='ltr'>quae</span> <span class='ocrx_word' id='word_1_311' title='bbox 683 4548 758 4601; x_wconf 88' lang='lat' dir='ltr'>sunt</span> <span class='ocrx_word' id='word_1_312' title='bbox 786 4541 888 4624; x_wconf 86' lang='lat' dir='ltr'>nigra,</span> <span class='ocrx_word' id='word_1_313' title='bbox 904 4542 1050 4625; x_wconf 80' lang='lat' dir='ltr'>furvique</span> <span class='ocrx_word' id='word_1_314' title='bbox 1067 4545 1258 4608; x_wconf 84' lang='lat' dir='ltr'>existimatis</span> <span class='ocrx_word' id='word_1_315' title='bbox 1280 4549 1404 4610; x_wconf 90' lang='lat' dir='ltr'>eoloris:</span> 
     </span>
     <span class='ocr_line' id='line_1_41' title="bbox 172 4642 1400 4737; baseline 0.009 -31"><span class='ocrx_word' id='word_1_316' title='bbox 172 4662 226 4706; x_wconf 88' lang='lat' dir='ltr'>eur</span> <span class='ocrx_word' id='word_1_317' title='bbox 255 4663 318 4705; x_wconf 92' lang='lat' dir='ltr'>nnn</span> <span class='ocrx_word' id='word_1_318' title='bbox 350 4642 455 4706; x_wconf 91' lang='lat' dir='ltr'>emnia</span> <span class='ocrx_word' id='word_1_319' title='bbox 479 4651 613 4723; x_wconf 67' lang='lat' dir='ltr'>uetera,</span> <span class='ocrx_word' id='word_1_320' title='bbox 631 4665 714 4729; x_wconf 89' lang='lat' dir='ltr'>quae</span> <span class='ocrx_word' id='word_1_321' title='bbox 740 4646 863 4711; x_wconf 89' lang='lat' dir='ltr'>illorum</span> <span class='ocrx_word' id='word_1_322' title='bbox 894 4649 1011 4712; x_wconf 86' lang='lat' dir='ltr'>inferre</span> <span class='ocrx_word' id='word_1_323' title='bbox 1040 4651 1206 4715; x_wconf 84' lang='lat' dir='ltr'>sacrifieiis</span> <span class='ocrx_word' id='word_1_324' title='bbox 1227 4658 1325 4716; x_wconf 89' lang='lat' dir='ltr'>meris</span> <span class='ocrx_word' id='word_1_325' title='bbox 1344 4663 1400 4737; x_wconf 89' lang='lat' dir='ltr'>est,</span> 
     </span>
     <span class='ocr_line' id='line_1_42' title="bbox 172 4749 1400 4859; baseline 0.009 -46"><span class='ocrx_word' id='word_1_326' title='bbox 172 4753 235 4816; x_wconf 85' lang='lat' dir='ltr'>siot</span> <span class='ocrx_word' id='word_1_327' title='bbox 256 4756 349 4836; x_wconf 77' lang='lat' dir='ltr'>nigra</span> <span class='ocrx_word' id='word_1_328' title='bbox 371 4759 405 4814; x_wconf 97' lang='lat' dir='ltr'>et</span> <span class='ocrx_word' id='word_1_329' title='bbox 418 4749 583 4832; x_wconf 72' lang='lat' dir='ltr'>fumigata,</span> <span class='ocrx_word' id='word_1_330' title='bbox 596 4758 742 4834; x_wconf 89' lang='lat' dir='ltr'>tetreque</span> <span class='ocrx_word' id='word_1_331' title='bbox 759 4762 794 4816; x_wconf 91' lang='lat' dir='ltr'>ut</span> <span class='ocrx_word' id='word_1_332' title='bbox 814 4755 957 4820; x_wconf 88' lang='lat' dir='ltr'>eolorata</span> <span class='ocrx_word' id='word_1_333' title='bbox 982 4757 1125 4826; x_wconf 76' lang='lat' dir='ltr'>euradsi</span> <span class='ocrx_word' id='word_1_334' title='bbox 1148 4759 1273 4859; x_wconf 71' lang='lat' dir='ltr'>induite</span> <span class='ocrx_word' id='word_1_335' title='bbox 1284 4771 1357 4840; x_wconf 82' lang='lat' dir='ltr'>trus,</span> <span class='ocrx_word' id='word_1_336' title='bbox 1377 4764 1400 4825; x_wconf 91' lang='lat' dir='ltr'>si</span> 
     </span>
    </p>
   </div>
   <div class='ocr_carea' id='block_1_6' title="bbox 0 0 1509 5184">
    <p class='ocr_par' dir='ltr' id='par_1_8' title="bbox 0 0 1509 5184">
     <span class='ocr_line' id='line_1_43' title="bbox 0 0 1509 5184; baseline 0 0"><span class='ocrx_word' id='word_1_337' title='bbox 0 0 1509 5184; x_wconf 95' lang='lat' dir='ltr'> </span> 
     </span>
    </p>
   </div>
  </div>
 </body>
</html>
