<?xml version="1.0" encoding="UTF-8"?>
<!DOCTYPE html PUBLIC "-//W3C//DTD XHTML 1.0 Transitional//EN"
    "http://www.w3.org/TR/xhtml1/DTD/xhtml1-transitional.dtd">
<html xmlns="http://www.w3.org/1999/xhtml" xml:lang="en" lang="en">
 <head>
  <title>
</title>
<meta http-equiv="Content-Type" content="text/html;charset=utf-8" />
  <meta name='ocr-system' content='tesseract 3.04.00' />
  <meta name='ocr-capabilities' content='ocr_page ocr_carea ocr_par ocr_line ocrx_word'/>
</head>
<body>
  <div class='ocr_page' id='page_1' title='image "./antiquitatesver01lersgoog_0163.png"; bbox 0 0 3000 5184; ppageno 0'>
   <div class='ocr_carea' id='block_1_1' title="bbox 581 222 1287 309">
    <p class='ocr_par' dir='ltr' id='par_1_1' title="bbox 581 222 1287 309">
     <span class='ocr_line' id='line_1_1' title="bbox 581 222 1287 309; baseline -0.003 -17"><span class='ocrx_word' id='word_1_1' title='bbox 581 230 638 292; x_wconf 90' lang='lat' dir='ltr'><strong>De</strong></span> <span class='ocrx_word' id='word_1_2' title='bbox 659 229 746 292; x_wconf 89' lang='lat' dir='ltr'><strong>diis.</strong></span> <span class='ocrx_word' id='word_1_3' title='bbox 1140 295 1145 299; x_wconf 59' lang='grc'>,</span> <span class='ocrx_word' id='word_1_4' title='bbox 1197 227 1199 231; x_wconf 76' lang='grc'><strong>’</strong></span> <span class='ocrx_word' id='word_1_5' title='bbox 1225 222 1287 309; x_wconf 63' lang='grc'><strong>149</strong></span> 
     </span>
    </p>
   </div>
   <div class='ocr_carea' id='block_1_2' title="bbox 48 412 1350 3320">
    <p class='ocr_par' dir='ltr' id='par_1_2' title="bbox 48 412 1285 604">
     <span class='ocr_line' id='line_1_2' title="bbox 48 412 1285 496; baseline -0.006 -18"><span class='ocrx_word' id='word_1_6' title='bbox 48 413 191 478; x_wconf 88' lang='lat' dir='ltr'><strong>Ceterum</strong></span> <span class='ocrx_word' id='word_1_7' title='bbox 214 416 322 480; x_wconf 84' lang='lat' dir='ltr'><strong>Vasta</strong></span> <span class='ocrx_word' id='word_1_8' title='bbox 341 417 472 496; x_wconf 86' lang='lat' dir='ltr'><strong>saepius</strong></span> <span class='ocrx_word' id='word_1_9' title='bbox 496 433 557 478; x_wconf 84' lang='lat' dir='ltr'><strong>una</strong></span> <span class='ocrx_word' id='word_1_10' title='bbox 576 433 647 476; x_wconf 87' lang='lat' dir='ltr'><strong>eum</strong></span> <span class='ocrx_word' id='word_1_11' title='bbox 670 413 844 475; x_wconf 85' lang='lat' dir='ltr'><strong>Penatibus</strong></span> <span class='ocrx_word' id='word_1_12' title='bbox 867 412 1015 475; x_wconf 70' lang='lat' dir='ltr'><strong>vallare</strong></span> <span class='ocrx_word' id='word_1_13' title='bbox 1032 413 1206 474; x_wconf 82' lang='lat' dir='ltr'><strong>nominatur</strong></span> <span class='ocrx_word' id='word_1_14' title='bbox 1221 429 1285 472; x_wconf 88' lang='lat' dir='ltr'><strong>non</strong></span> 
     </span>
     <span class='ocr_line' id='line_1_3' title="bbox 49 521 495 604; baseline -0.007 -19"><span class='ocrx_word' id='word_1_15' title='bbox 49 527 146 585; x_wconf 88' lang='lat' dir='ltr'><strong>solum</strong></span> <span class='ocrx_word' id='word_1_16' title='bbox 168 524 199 588; x_wconf 76' lang='lat' dir='ltr'><strong>la</strong></span> <span class='ocrx_word' id='word_1_17' title='bbox 221 521 253 604; x_wconf 88' lang='lat' dir='ltr'><strong>l,</strong></span> <span class='ocrx_word' id='word_1_18' title='bbox 273 521 333 584; x_wconf 90' lang='lat' dir='ltr'><strong>sed</strong></span> <span class='ocrx_word' id='word_1_19' title='bbox 354 521 399 598; x_wconf 85' lang='lat' dir='ltr'><strong>V,</strong></span> <span class='ocrx_word' id='word_1_20' title='bbox 416 521 495 584; x_wconf 74' lang='lat'><strong>744:</strong></span> 
     </span>
    </p>

    <p class='ocr_par' dir='ltr' id='par_1_3' title="bbox 123 627 1047 711">
     <span class='ocr_line' id='line_1_4' title="bbox 123 627 1047 711; baseline -0.008 -17"><span class='ocrx_word' id='word_1_21' title='bbox 123 634 395 711; x_wconf 69' lang='lat' dir='ltr'><strong>Perpennamque</strong></span> <span class='ocrx_word' id='word_1_22' title='bbox 417 631 535 692; x_wconf 73' lang='lat' dir='ltr'><strong>Larem</strong></span> <span class='ocrx_word' id='word_1_23' title='bbox 556 636 708 692; x_wconf 76' lang='lat' dir='ltr'><strong>elcanae</strong></span> <span class='ocrx_word' id='word_1_24' title='bbox 725 627 904 704; x_wconf 69' lang='lat' dir='ltr'><strong>marana</strong></span> <span class='ocrx_word' id='word_1_25' title='bbox 930 627 1047 687; x_wconf 78' lang='lat' dir='ltr'><strong>Vestae</strong></span> 
     </span>
    </p>

    <p class='ocr_par' dir='ltr' id='par_1_4' title="bbox 48 737 966 921">
     <span class='ocr_line' id='line_1_5' title="bbox 123 737 966 818; baseline -0.006 -18"><span class='ocrx_word' id='word_1_26' title='bbox 123 738 231 801; x_wconf 76' lang='lat' dir='ltr'><strong>Ferre</strong></span> <span class='ocrx_word' id='word_1_27' title='bbox 250 744 303 818; x_wconf 78' lang='lat' dir='ltr'><strong>pio</strong></span> <span class='ocrx_word' id='word_1_28' title='bbox 320 746 355 800; x_wconf 82' lang='lat' dir='ltr'><strong>et</strong></span> <span class='ocrx_word' id='word_1_29' title='bbox 371 739 468 817; x_wconf 82' lang='lat' dir='ltr'><strong>plena</strong></span> <span class='ocrx_word' id='word_1_30' title='bbox 490 737 630 815; x_wconf 73' lang='lat' dir='ltr'><strong>supplem</strong></span> <span class='ocrx_word' id='word_1_31' title='bbox 650 741 820 796; x_wconf 67' lang='lat' dir='ltr'><strong>amatur</strong></span> <span class='ocrx_word' id='word_1_32' title='bbox 842 752 966 797; x_wconf 73' lang='lat' dir='ltr'><strong>acerra.</strong></span> 
     </span>
     <span class='ocr_line' id='line_1_6' title="bbox 48 846 202 921; baseline 0.026 -15"><span class='ocrx_word' id='word_1_33' title='bbox 48 848 104 921; x_wconf 79' lang='lat' dir='ltr'><strong>lx,</strong></span> <span class='ocrx_word' id='word_1_34' title='bbox 121 846 202 910; x_wconf 73' lang='lat'><strong>258:</strong></span> 
     </span>
    </p>

    <p class='ocr_par' dir='ltr' id='par_1_5' title="bbox 501 951 1001 1029">
     <span class='ocr_line' id='line_1_7' title="bbox 501 951 1001 1029; baseline 0 -17"><span class='ocrx_word' id='word_1_35' title='bbox 501 951 566 1012; x_wconf 82' lang='lat' dir='ltr'><strong>Per</strong></span> <span class='ocrx_word' id='word_1_36' title='bbox 587 968 730 1026; x_wconf 73' lang='lat' dir='ltr'><strong>maanes,</strong></span> <span class='ocrx_word' id='word_1_37' title='bbox 752 951 847 1029; x_wconf 83' lang='lat' dir='ltr'><strong>Nise,</strong></span> <span class='ocrx_word' id='word_1_38' title='bbox 869 952 1001 1012; x_wconf 80' lang='lat' dir='ltr'><strong>Penatis</strong></span> 
     </span>
    </p>

    <p class='ocr_par' dir='ltr' id='par_1_6' title="bbox 49 1061 1291 1346">
     <span class='ocr_line' id='line_1_8' title="bbox 124 1061 1000 1140; baseline -0.006 -16"><span class='ocrx_word' id='word_1_39' title='bbox 124 1062 347 1140; x_wconf 69' lang='lat' dir='ltr'><strong>Assaracique</strong></span> <span class='ocrx_word' id='word_1_40' title='bbox 363 1061 481 1122; x_wconf 83' lang='lat' dir='ltr'><em>Larem</em></span> <span class='ocrx_word' id='word_1_41' title='bbox 501 1067 534 1120; x_wconf 88' lang='lat' dir='ltr'><strong>et</strong></span> <span class='ocrx_word' id='word_1_42' title='bbox 553 1077 653 1120; x_wconf 79' lang='lat' dir='ltr'><strong>nanae</strong></span> <span class='ocrx_word' id='word_1_43' title='bbox 670 1061 848 1136; x_wconf 75' lang='lat' dir='ltr'><strong>penetrata</strong></span> <span class='ocrx_word' id='word_1_44' title='bbox 875 1061 1000 1127; x_wconf 80' lang='lat' dir='ltr'><strong>Vestae.</strong></span> 
     </span>
     <span class='ocr_line' id='line_1_9' title="bbox 49 1169 1291 1264; baseline 0 -29"><span class='ocrx_word' id='word_1_45' title='bbox 49 1175 186 1237; x_wconf 80' lang='lat' dir='ltr'><strong>Macrob.</strong></span> <span class='ocrx_word' id='word_1_46' title='bbox 208 1175 255 1234; x_wconf 93' lang='grc' dir='ltr'><strong>ΙΙΙ</strong></span> <span class='ocrx_word' id='word_1_47' title='bbox 263 1218 288 1264; x_wconf 17' lang='lat' dir='ltr'><strong>,v</strong></span> <span class='ocrx_word' id='word_1_48' title='bbox 301 1174 336 1235; x_wconf 79' lang='lat' dir='ltr'><strong>d:</strong></span> <span class='ocrx_word' id='word_1_49' title='bbox 382 1171 529 1250; x_wconf 78' lang='lat' dir='ltr'><strong>„lavinii</strong></span> <span class='ocrx_word' id='word_1_50' title='bbox 556 1191 622 1232; x_wconf 90' lang='lat' dir='ltr'><strong>rem</strong></span> <span class='ocrx_word' id='word_1_51' title='bbox 644 1169 904 1234; x_wconf 84' lang='lat' dir='ltr'><strong>divinamfaeiant</strong></span> <span class='ocrx_word' id='word_1_52' title='bbox 925 1173 1098 1235; x_wconf 77' lang='lat' dir='ltr'><strong>Penatibus</strong></span> <span class='ocrx_word' id='word_1_53' title='bbox 1119 1177 1236 1254; x_wconf 82' lang='lat' dir='ltr'><strong>pariter</strong></span> <span class='ocrx_word' id='word_1_54' title='bbox 1257 1182 1291 1235; x_wconf 90' lang='lat' dir='ltr'><strong>et</strong></span> 
     </span>
     <span class='ocr_line' id='line_1_10' title="bbox 57 1283 220 1346; baseline -0.006 0"><span class='ocrx_word' id='word_1_55' title='bbox 57 1283 220 1346; x_wconf 66' lang='lat' dir='ltr'><strong>Vestae-‘⁶</strong></span> 
     </span>
    </p>

    <p class='ocr_par' dir='ltr' id='par_1_7' title="bbox 49 1377 1350 3320">
     <span class='ocr_line' id='line_1_11' title="bbox 130 1377 1291 1470; baseline -0.003 -17"><span class='ocrx_word' id='word_1_56' title='bbox 130 1390 181 1454; x_wconf 82' lang='lat'><strong>13.</strong></span> <span class='ocrx_word' id='word_1_57' title='bbox 223 1377 387 1452; x_wconf 74' lang='lat' dir='ltr'><strong>Pasarne.</strong></span> <span class='ocrx_word' id='word_1_58' title='bbox 411 1386 609 1467; x_wconf 75' lang='lat' dir='ltr'><strong>Quamquam</strong></span> <span class='ocrx_word' id='word_1_59' title='bbox 638 1386 729 1447; x_wconf 90' lang='lat' dir='ltr'><strong>nobis</strong></span> <span class='ocrx_word' id='word_1_60' title='bbox 752 1386 793 1447; x_wconf 90' lang='lat' dir='ltr'><strong>de</strong></span> <span class='ocrx_word' id='word_1_61' title='bbox 814 1387 953 1449; x_wconf 87' lang='lat' dir='ltr'><strong>lontibus</strong></span> <span class='ocrx_word' id='word_1_62' title='bbox 969 1386 1122 1451; x_wconf 75' lang='lat' dir='ltr'>Aeneidis</span> <span class='ocrx_word' id='word_1_63' title='bbox 1144 1387 1291 1470; x_wconf 85' lang='lat' dir='ltr'><strong>dispute-</strong></span> 
     </span>
     <span class='ocr_line' id='line_1_12' title="bbox 49 1494 1291 1580; baseline -0.004 -18"><span class='ocrx_word' id='word_1_64' title='bbox 49 1505 123 1562; x_wconf 89' lang='lat' dir='ltr'><strong>turis</strong></span> <span class='ocrx_word' id='word_1_65' title='bbox 143 1501 235 1580; x_wconf 89' lang='lat' dir='ltr'><strong>plura</strong></span> <span class='ocrx_word' id='word_1_66' title='bbox 256 1496 297 1556; x_wconf 90' lang='lat' dir='ltr'><strong>de</strong></span> <span class='ocrx_word' id='word_1_67' title='bbox 318 1495 370 1563; x_wconf 85' lang='lat' dir='ltr'><strong>his</strong></span> <span class='ocrx_word' id='word_1_68' title='bbox 389 1504 482 1556; x_wconf 90' lang='lat' dir='ltr'><strong>erunt</strong></span> <span class='ocrx_word' id='word_1_69' title='bbox 492 1494 691 1575; x_wconf 84' lang='lat' dir='ltr'><strong>exponenda,</strong></span> <span class='ocrx_word' id='word_1_70' title='bbox 708 1494 950 1556; x_wconf 76' lang='lat' dir='ltr'><strong>memorabimus</strong></span> <span class='ocrx_word' id='word_1_71' title='bbox 962 1505 1081 1576; x_wconf 80' lang='lat' dir='ltr'><strong>mmen,</strong></span> <span class='ocrx_word' id='word_1_72' title='bbox 1103 1495 1188 1577; x_wconf 91' lang='lat' dir='ltr'><strong>apud</strong></span> <span class='ocrx_word' id='word_1_73' title='bbox 1202 1513 1291 1576; x_wconf 79' lang='lat' dir='ltr'><strong>ipsos</strong></span> 
     </span>
     <span class='ocr_line' id='line_1_13' title="bbox 49 1581 1331 1691; baseline -0.004 -22"><span class='ocrx_word' id='word_1_74' title='bbox 49 1611 197 1691; x_wconf 88' lang='lat' dir='ltr'><strong>antiquos</strong></span> <span class='ocrx_word' id='word_1_75' title='bbox 222 1623 370 1688; x_wconf 83' lang='lat' dir='ltr'><strong>magnam</strong></span> <span class='ocrx_word' id='word_1_76' title='bbox 403 1601 442 1664; x_wconf 91' lang='lat' dir='ltr'><strong>de</strong></span> <span class='ocrx_word' id='word_1_77' title='bbox 464 1603 574 1664; x_wconf 87' lang='lat' dir='ltr'><strong>horum</strong></span> <span class='ocrx_word' id='word_1_78' title='bbox 605 1603 764 1665; x_wconf 89' lang='lat' dir='ltr'><strong>numinum</strong></span> <span class='ocrx_word' id='word_1_79' title='bbox 793 1613 905 1665; x_wconf 89' lang='lat' dir='ltr'><strong>natura</strong></span> <span class='ocrx_word' id='word_1_80' title='bbox 938 1621 1132 1685; x_wconf 81' lang='lat' dir='ltr'><strong>numeroque</strong></span> <span class='ocrx_word' id='word_1_81' title='bbox 1159 1605 1289 1666; x_wconf 86' lang='lat' dir='ltr'><strong>dissen—</strong></span> <span class='ocrx_word' id='word_1_82' title='bbox 1328 1581 1331 1585; x_wconf 19' lang='lat'><em>7</em></span> 
     </span>
     <span class='ocr_line' id='line_1_14' title="bbox 49 1711 1350 1796; baseline 0.002 -21"><span class='ocrx_word' id='word_1_83' title='bbox 49 1717 169 1777; x_wconf 90' lang='lat' dir='ltr'><strong>sionem</strong></span> <span class='ocrx_word' id='word_1_84' title='bbox 193 1714 368 1776; x_wconf 77' lang='lat' dir='ltr'><strong>exstitisse.</strong></span> <span class='ocrx_word' id='word_1_85' title='bbox 400 1711 549 1791; x_wconf 84' lang='lat' dir='ltr'><strong>Nigidius</strong></span> <span class='ocrx_word' id='word_1_86' title='bbox 570 1719 604 1772; x_wconf 91' lang='lat' dir='ltr'><strong>et</strong></span> <span class='ocrx_word' id='word_1_87' title='bbox 626 1711 913 1775; x_wconf 80' lang='lat' dir='ltr'><strong>Cornelirrsbabeo</strong></span> <span class='ocrx_word' id='word_1_88' title='bbox 934 1733 991 1775; x_wconf 91' lang='lat' dir='ltr'><strong>eos</strong></span> <span class='ocrx_word' id='word_1_89' title='bbox 1007 1716 1191 1796; x_wconf 86' lang='lat' dir='ltr'><strong>Neptunum</strong></span> <span class='ocrx_word' id='word_1_90' title='bbox 1214 1735 1293 1778; x_wconf 89' lang='lat' dir='ltr'><strong>esse</strong></span> <span class='ocrx_word' id='word_1_91' title='bbox 1346 1745 1350 1748; x_wconf 90' lang='grc'><em>·</em></span> 
     </span>
     <span class='ocr_line' id='line_1_15' title="bbox 49 1817 1294 1907; baseline 0.002 -23"><span class='ocrx_word' id='word_1_92' title='bbox 49 1833 145 1903; x_wconf 85' lang='lat' dir='ltr'><strong>atque</strong></span> <span class='ocrx_word' id='word_1_93' title='bbox 167 1822 348 1902; x_wconf 81' lang='lat' dir='ltr'><strong>Apollinem</strong></span> <span class='ocrx_word' id='word_1_94' title='bbox 371 1817 574 1900; x_wconf 84' lang='lat' dir='ltr'><strong>prodiderunt</strong></span> <span class='ocrx_word' id='word_1_95' title='bbox 594 1820 727 1891; x_wconf 86' lang='lat' dir='ltr'><strong>(Arnob.</strong></span> <span class='ocrx_word' id='word_1_96' title='bbox 749 1822 805 1896; x_wconf 92' lang='grc' dir='ltr'>ΙΙΙ,</span> <span class='ocrx_word' id='word_1_97' title='bbox 826 1821 878 1882; x_wconf 83' lang='grc'><strong>40.</strong></span> <span class='ocrx_word' id='word_1_98' title='bbox 900 1823 1042 1886; x_wconf 80' lang='lat' dir='ltr'><strong>Maerob.</strong></span> <span class='ocrx_word' id='word_1_99' title='bbox 1062 1824 1119 1895; x_wconf 85' lang='grc' dir='ltr'>ΙΙΙ,</span> <span class='ocrx_word' id='word_1_100' title='bbox 1144 1829 1199 1901; x_wconf 80' lang='grc'>4.).</span> <span class='ocrx_word' id='word_1_101' title='bbox 1229 1827 1294 1907; x_wconf 78' lang='lat' dir='ltr'><strong>Qui</strong></span> 
     </span>
     <span class='ocr_line' id='line_1_16' title="bbox 50 1928 1295 2028; baseline 0.001 -32"><span class='ocrx_word' id='word_1_102' title='bbox 50 1933 87 1996; x_wconf 89' lang='lat' dir='ltr'><strong>do</strong></span> <span class='ocrx_word' id='word_1_103' title='bbox 106 1951 242 1999; x_wconf 86' lang='lat' dir='ltr'><strong>numero</strong></span> <span class='ocrx_word' id='word_1_104' title='bbox 254 1928 367 1993; x_wconf 89' lang='lat' dir='ltr'><strong>sallem</strong></span> <span class='ocrx_word' id='word_1_105' title='bbox 383 1933 575 1992; x_wconf 81' lang='lat' dir='ltr'><strong>conveniunt</strong></span> <span class='ocrx_word' id='word_1_106' title='bbox 586 1944 666 1990; x_wconf 55' lang='lat' dir='ltr'><strong>eum*</strong></span> <span class='ocrx_word' id='word_1_107' title='bbox 679 1933 759 1992; x_wconf 90' lang='lat' dir='ltr'><strong>artis</strong></span> <span class='ocrx_word' id='word_1_108' title='bbox 779 1932 928 2012; x_wconf 89' lang='lat' dir='ltr'><strong>operibus</strong></span> <span class='ocrx_word' id='word_1_109' title='bbox 947 1933 1038 1995; x_wconf 88' lang='lat' dir='ltr'><strong>nobis</strong></span> <span class='ocrx_word' id='word_1_110' title='bbox 1054 1955 1096 1998; x_wconf 86' lang='lat' dir='ltr'><strong>ex</strong></span> <span class='ocrx_word' id='word_1_111' title='bbox 1110 1938 1295 2028; x_wconf 67' lang='lat' dir='ltr'><strong>antiquitate</strong></span> 
     </span>
     <span class='ocr_line' id='line_1_17' title="bbox 50 2034 1296 2126; baseline 0.009 -22"><span class='ocrx_word' id='word_1_112' title='bbox 50 2046 201 2104; x_wconf 84' lang='lat' dir='ltr'><strong>servatis.</strong></span> <span class='ocrx_word' id='word_1_113' title='bbox 242 2040 367 2120; x_wconf 90' lang='lat' dir='ltr'><strong>Ubique</strong></span> <span class='ocrx_word' id='word_1_114' title='bbox 396 2040 488 2126; x_wconf 78' lang='lat' dir='ltr'><strong>enirn</strong></span> <span class='ocrx_word' id='word_1_115' title='bbox 505 2034 568 2098; x_wconf 94' lang='lat' dir='ltr'><strong>duo</strong></span> <span class='ocrx_word' id='word_1_116' title='bbox 596 2045 716 2100; x_wconf 84' lang='lat' dir='ltr'><strong>tantum</strong></span> <span class='ocrx_word' id='word_1_117' title='bbox 747 2058 876 2104; x_wconf 88' lang='lat' dir='ltr'><strong>numero</strong></span> <span class='ocrx_word' id='word_1_118' title='bbox 905 2043 1151 2123; x_wconf 80' lang='lat' dir='ltr'><strong>conspiciuntur.</strong></span> <span class='ocrx_word' id='word_1_119' title='bbox 1192 2051 1242 2113; x_wconf 91' lang='lat' dir='ltr'><strong>lta</strong></span> <span class='ocrx_word' id='word_1_120' title='bbox 1262 2055 1296 2114; x_wconf 87' lang='lat' dir='ltr'><strong>in</strong></span> 
     </span>
     <span class='ocr_line' id='line_1_18' title="bbox 50 2146 1295 2247; baseline 0.006 -35"><span class='ocrx_word' id='word_1_121' title='bbox 50 2153 172 2247; x_wconf 84' lang='lat' dir='ltr'><strong>pictura</strong></span> <span class='ocrx_word' id='word_1_122' title='bbox 195 2149 234 2212; x_wconf 80' lang='lat' dir='ltr'><strong>tle</strong></span> <span class='ocrx_word' id='word_1_123' title='bbox 260 2151 396 2226; x_wconf 88' lang='lat' dir='ltr'><strong>somnio,</strong></span> <span class='ocrx_word' id='word_1_124' title='bbox 419 2165 482 2229; x_wconf 86' lang='lat' dir='ltr'><strong>quo</strong></span> <span class='ocrx_word' id='word_1_125' title='bbox 501 2148 631 2207; x_wconf 90' lang='lat' dir='ltr'><strong>Aeneae</strong></span> <span class='ocrx_word' id='word_1_126' title='bbox 656 2146 794 2208; x_wconf 82' lang='lat' dir='ltr'><strong>Penates</strong></span> <span class='ocrx_word' id='word_1_127' title='bbox 816 2160 971 2228; x_wconf 89' lang='lat' dir='ltr'><strong>apparent</strong></span> <span class='ocrx_word' id='word_1_128' title='bbox 991 2153 1091 2230; x_wconf 83' lang='lat' dir='ltr'><strong>(Aen.</strong></span> <span class='ocrx_word' id='word_1_129' title='bbox 1115 2157 1172 2239; x_wconf 88' lang='grc' dir='ltr'>ΙΙΙ,</span> <span class='ocrx_word' id='word_1_130' title='bbox 1196 2157 1295 2240; x_wconf 84' lang='grc'>148.),</span> 
     </span>
     <span class='ocr_line' id='line_1_19' title="bbox 51 2253 1343 2339; baseline 0.001 -15"><span class='ocrx_word' id='word_1_131' title='bbox 51 2263 211 2325; x_wconf 82' lang='lat' dir='ltr'><strong>Vaticana</strong></span> <span class='ocrx_word' id='word_1_132' title='bbox 241 2257 326 2339; x_wconf 88' lang='lat' dir='ltr'><strong>apud</strong></span> <span class='ocrx_word' id='word_1_133' title='bbox 363 2258 471 2320; x_wconf 80' lang='lat' dir='ltr'><strong>Mittin.</strong></span> <span class='ocrx_word' id='word_1_134' title='bbox 501 2255 642 2336; x_wconf 86' lang='lat' dir='ltr'><strong>mythol&#39;</strong></span> <span class='ocrx_word' id='word_1_135' title='bbox 672 2253 793 2318; x_wconf 78' lang='lat' dir='ltr'><strong>Galla.</strong></span> <span class='ocrx_word' id='word_1_136' title='bbox 822 2257 901 2318; x_wconf 76' lang='lat' dir='ltr'><strong>nab.</strong></span> <span class='ocrx_word' id='word_1_137' title='bbox 929 2258 1112 2325; x_wconf 79' lang='lat' dir='ltr'>CLXXVI.</span> <span class='ocrx_word' id='word_1_138' title='bbox 1139 2285 1184 2327; x_wconf 89' lang='lat' dir='ltr'><strong>nr.</strong></span> <span class='ocrx_word' id='word_1_139' title='bbox 1205 2265 1297 2332; x_wconf 67' lang='lat'><strong>645*</strong></span> <span class='ocrx_word' id='word_1_140' title='bbox 1339 2292 1343 2304; x_wconf 64' lang='lat'><strong><em>¹</em></strong></span> 
     </span>
     <span class='ocr_line' id='line_1_20' title="bbox 52 2365 1297 2453; baseline 0.002 -21"><span class='ocrx_word' id='word_1_141' title='bbox 52 2370 131 2432; x_wconf 87' lang='lat' dir='ltr'><strong>dune</strong></span> <span class='ocrx_word' id='word_1_142' title='bbox 152 2375 259 2440; x_wconf 81' lang='lat' dir='ltr'><strong>astant</strong></span> <span class='ocrx_word' id='word_1_143' title='bbox 280 2366 407 2449; x_wconf 76' lang='lat' dir='ltr'><strong>efligies</strong></span> <span class='ocrx_word' id='word_1_144' title='bbox 429 2366 556 2427; x_wconf 80' lang='lat' dir='ltr'><strong>velatae</strong></span> <span class='ocrx_word' id='word_1_145' title='bbox 578 2367 676 2436; x_wconf 86' lang='lat' dir='ltr'><strong>(Aen.</strong></span> <span class='ocrx_word' id='word_1_146' title='bbox 708 2367 764 2442; x_wconf 89' lang='grc' dir='ltr'>ΙΙΙ,</span> <span class='ocrx_word' id='word_1_147' title='bbox 784 2365 861 2431; x_wconf 76' lang='lat'>174:</span> <span class='ocrx_word' id='word_1_148' title='bbox 882 2371 1064 2453; x_wconf 81' lang='lat' dir='ltr'><strong>velatasque</strong></span> <span class='ocrx_word' id='word_1_149' title='bbox 1087 2378 1218 2448; x_wconf 83' lang='lat' dir='ltr'><strong>eomas).</strong></span> <span class='ocrx_word' id='word_1_150' title='bbox 1259 2378 1297 2439; x_wconf 87' lang='lat' dir='ltr'><strong>la</strong></span> 
     </span>
     <span class='ocr_line' id='line_1_21' title="bbox 52 2473 1297 2562; baseline 0.006 -23"><span class='ocrx_word' id='word_1_151' title='bbox 52 2497 145 2540; x_wconf 86' lang='lat' dir='ltr'><strong>numo</strong></span> <span class='ocrx_word' id='word_1_152' title='bbox 168 2477 272 2558; x_wconf 84' lang='lat' dir='ltr'><strong>gentis</strong></span> <span class='ocrx_word' id='word_1_153' title='bbox 294 2473 456 2556; x_wconf 77' lang='lat' dir='ltr'><strong>Sulpiciae</strong></span> <span class='ocrx_word' id='word_1_154' title='bbox 467 2475 594 2536; x_wconf 78' lang='lat' dir='ltr'><strong>Metelli</strong></span> <span class='ocrx_word' id='word_1_155' title='bbox 616 2475 694 2540; x_wconf 80' lang='lat' dir='ltr'><strong>&#39;l&#39;ab</strong></span> <span class='ocrx_word' id='word_1_156' title='bbox 719 2476 761 2554; x_wconf 96' lang='lat' dir='ltr'><strong>ll,</strong></span> <span class='ocrx_word' id='word_1_157' title='bbox 782 2473 812 2535; x_wconf 84' lang='grc'><strong>3.</strong></span> <span class='ocrx_word' id='word_1_158' title='bbox 835 2475 898 2537; x_wconf 83' lang='lat' dir='ltr'><strong>drro</strong></span> <span class='ocrx_word' id='word_1_159' title='bbox 919 2488 994 2540; x_wconf 89' lang='lat' dir='ltr'><strong>sunt</strong></span> <span class='ocrx_word' id='word_1_160' title='bbox 1013 2480 1053 2540; x_wconf 83' lang='lat' dir='ltr'><strong>A.</strong></span> <span class='ocrx_word' id='word_1_161' title='bbox 1076 2483 1181 2562; x_wconf 82' lang='lat' dir='ltr'><strong>capita</strong></span> <span class='ocrx_word' id='word_1_162' title='bbox 1202 2503 1297 2547; x_wconf 89' lang='lat' dir='ltr'><strong>eoro-</strong></span> 
     </span>
     <span class='ocr_line' id='line_1_22' title="bbox 51 2583 1297 2667; baseline 0.004 -19"><span class='ocrx_word' id='word_1_163' title='bbox 51 2595 125 2649; x_wconf 87' lang='lat' dir='ltr'><strong>nata</strong></span> <span class='ocrx_word' id='word_1_164' title='bbox 148 2603 221 2648; x_wconf 83' lang='lat' dir='ltr'><strong>eum</strong></span> <span class='ocrx_word' id='word_1_165' title='bbox 243 2583 446 2663; x_wconf 79' lang='lat' dir='ltr'><strong>inscriptione</strong></span> <span class='ocrx_word' id='word_1_166' title='bbox 468 2583 508 2642; x_wconf 91' lang='grc' dir='ltr'><strong>Ι).</strong></span> <span class='ocrx_word' id='word_1_167' title='bbox 531 2584 565 2644; x_wconf 87' lang='grc' dir='ltr'><strong>Ρ.</strong></span> <span class='ocrx_word' id='word_1_168' title='bbox 588 2583 621 2642; x_wconf 86' lang='grc' dir='ltr'><strong>Ρ.</strong></span> <span class='ocrx_word' id='word_1_169' title='bbox 644 2583 686 2652; x_wconf 79' lang='grc' dir='ltr'><strong>(ἰ.</strong></span> <span class='ocrx_word' id='word_1_170' title='bbox 708 2602 736 2646; x_wconf 84' lang='lat' dir='ltr'><strong>e.</strong></span> <span class='ocrx_word' id='word_1_171' title='bbox 761 2583 810 2643; x_wconf 90' lang='lat' dir='ltr'><strong>Dii</strong></span> <span class='ocrx_word' id='word_1_172' title='bbox 835 2585 1009 2661; x_wconf 76' lang='lat' dir='ltr'><strong>Penates),</strong></span> <span class='ocrx_word' id='word_1_173' title='bbox 1042 2591 1151 2667; x_wconf 80' lang='lat' dir='ltr'><strong>gentis</strong></span> <span class='ocrx_word' id='word_1_174' title='bbox 1181 2591 1297 2654; x_wconf 79' lang='lat' dir='ltr'><strong>Antias</strong></span> 
     </span>
     <span class='ocr_line' id='line_1_23' title="bbox 52 2689 1296 2771; baseline 0.005 -14"><span class='ocrx_word' id='word_1_175' title='bbox 52 2695 79 2757; x_wconf 79' lang='lat'><strong>2.</strong></span> <span class='ocrx_word' id='word_1_176' title='bbox 102 2696 144 2756; x_wconf 89' lang='lat' dir='ltr'><strong>A.</strong></span> <span class='ocrx_word' id='word_1_177' title='bbox 166 2693 230 2754; x_wconf 89' lang='lat' dir='ltr'><strong>dno</strong></span> <span class='ocrx_word' id='word_1_178' title='bbox 251 2691 358 2771; x_wconf 84' lang='lat' dir='ltr'><strong>eapite</strong></span> <span class='ocrx_word' id='word_1_179' title='bbox 378 2689 524 2756; x_wconf 81' lang='lat' dir='ltr'><strong>redimita</strong></span> <span class='ocrx_word' id='word_1_180' title='bbox 543 2691 698 2769; x_wconf 80' lang='lat' dir='ltr'><strong>inscripta</strong></span> <span class='ocrx_word' id='word_1_181' title='bbox 724 2691 797 2750; x_wconf 88' lang='lat' dir='ltr'><strong>Dtl.</strong></span> <span class='ocrx_word' id='word_1_182' title='bbox 826 2692 1046 2757; x_wconf 80' lang='lat' dir='ltr'><strong>PENA&#39;PDS.</strong></span> <span class='ocrx_word' id='word_1_183' title='bbox 1069 2694 1120 2758; x_wconf 79' lang='lat' dir='ltr'><strong>cf.</strong></span> <span class='ocrx_word' id='word_1_184' title='bbox 1142 2698 1296 2766; x_wconf 86' lang='lat' dir='ltr'><strong>Klausen.</strong></span> 
     </span>
     <span class='ocr_line' id='line_1_24' title="bbox 53 2796 1298 2878; baseline 0 -9"><span class='ocrx_word' id='word_1_185' title='bbox 53 2810 187 2869; x_wconf 84' lang='lat' dir='ltr'><strong>Aeneas</strong></span> <span class='ocrx_word' id='word_1_186' title='bbox 208 2801 280 2862; x_wconf 78' lang='lat' dir='ltr'><strong>Vol.</strong></span> <span class='ocrx_word' id='word_1_187' title='bbox 303 2803 343 2864; x_wconf 92' lang='grc' dir='ltr'><strong>ΙΙ.</strong></span> <span class='ocrx_word' id='word_1_188' title='bbox 365 2799 443 2861; x_wconf 81' lang='lat' dir='ltr'><strong>&#39;lab</strong></span> <span class='ocrx_word' id='word_1_189' title='bbox 464 2796 495 2863; x_wconf 84' lang='grc'><strong>3.</strong></span> <span class='ocrx_word' id='word_1_190' title='bbox 536 2797 668 2878; x_wconf 88' lang='lat' dir='ltr'><strong>Dionys.</strong></span> <span class='ocrx_word' id='word_1_191' title='bbox 694 2798 796 2860; x_wconf 83' lang='lat' dir='ltr'><strong>Halia</strong></span> <span class='ocrx_word' id='word_1_192' title='bbox 820 2801 842 2860; x_wconf 89' lang='grc' dir='ltr'><strong>Ι.</strong></span> <span class='ocrx_word' id='word_1_193' title='bbox 859 2799 909 2863; x_wconf 86' lang='grc'><strong>68.</strong></span> <span class='ocrx_word' id='word_1_194' title='bbox 932 2798 974 2862; x_wconf 90' lang='lat' dir='ltr'><strong>de</strong></span> <span class='ocrx_word' id='word_1_195' title='bbox 995 2802 1172 2868; x_wconf 74' lang='lat' dir='ltr'><strong>simulanda</strong></span> <span class='ocrx_word' id='word_1_196' title='bbox 1188 2806 1218 2868; x_wconf 91' lang='lat' dir='ltr'><strong>in</strong></span> <span class='ocrx_word' id='word_1_197' title='bbox 1233 2806 1298 2869; x_wconf 89' lang='lat' dir='ltr'><strong>Pe-</strong></span> 
     </span>
     <span class='ocr_line' id='line_1_25' title="bbox 53 2904 1299 3000; baseline 0.007 -31"><span class='ocrx_word' id='word_1_198' title='bbox 53 2914 174 2979; x_wconf 76' lang='lat' dir='ltr'><strong>natiuns</strong></span> <span class='ocrx_word' id='word_1_199' title='bbox 195 2907 312 3000; x_wconf 67' lang='lat' dir='ltr'><strong>templo</strong></span> <span class='ocrx_word' id='word_1_200' title='bbox 336 2907 481 2970; x_wconf 79' lang='lat' dir='ltr'><strong>Romano</strong></span> <span class='ocrx_word' id='word_1_201' title='bbox 503 2905 587 2966; x_wconf 87' lang='lat' dir='ltr'><strong>hand</strong></span> <span class='ocrx_word' id='word_1_202' title='bbox 608 2907 715 2984; x_wconf 90' lang='lat' dir='ltr'><strong>proeul</strong></span> <span class='ocrx_word' id='word_1_203' title='bbox 730 2904 831 2968; x_wconf 84' lang='lat' dir='ltr'><strong>aforo</strong></span> <span class='ocrx_word' id='word_1_204' title='bbox 846 2907 1000 2970; x_wconf 87' lang='lat' dir='ltr'><strong>sitohaee</strong></span> <span class='ocrx_word' id='word_1_205' title='bbox 1020 2925 1143 2974; x_wconf 85' lang='lat' dir='ltr'><strong>narrat:</strong></span> <span class='ocrx_word' id='word_1_206' title='bbox 1166 2907 1240 2976; x_wconf 80' lang='lat' dir='ltr'><strong>Elei</strong></span> <span class='ocrx_word' id='word_1_207' title='bbox 1260 2912 1299 2979; x_wconf 75' lang='lat' dir='ltr'><strong>dt</strong></span> 
     </span>
     <span class='ocr_line' id='line_1_26' title="bbox 52 3001 1302 3110; baseline 0.002 -27"><span class='ocrx_word' id='word_1_208' title='bbox 52 3015 177 3082; x_wconf 78' lang='grc' dir='ltr'><strong><em>νεανίαι</em></strong></span> <span class='ocrx_word' id='word_1_209' title='bbox 192 3006 251 3080; x_wconf 75' lang='grc' dir='ltr'><strong>δύο</strong></span> <span class='ocrx_word' id='word_1_210' title='bbox 271 3003 463 3098; x_wconf 72' lang='grc' dir='ltr'><strong><em>καθήμενοι,</em></strong></span> <span class='ocrx_word' id='word_1_211' title='bbox 484 3001 608 3098; x_wconf 72' lang='grc' dir='ltr'><strong><em>δόρατα</em></strong></span> <span class='ocrx_word' id='word_1_212' title='bbox 630 3002 846 3098; x_wconf 65' lang='grc' dir='ltr'><strong>διειληφότες,</strong></span> <span class='ocrx_word' id='word_1_213' title='bbox 865 3010 925 3098; x_wconf 81' lang='grc' dir='ltr'><strong>τῆς</strong></span> <span class='ocrx_word' id='word_1_214' title='bbox 940 3012 1083 3091; x_wconf 78' lang='grc' dir='ltr'><strong><em>παλαιᾶς</em></strong></span> <span class='ocrx_word' id='word_1_215' title='bbox 1097 3009 1302 3110; x_wconf 57' lang='grc' dir='ltr'><strong>ἒξνγατέχνης</strong></span> 
     </span>
     <span class='ocr_line' id='line_1_27' title="bbox 55 3125 1301 3220; baseline 0.002 -29"><span class='ocrx_word' id='word_1_216' title='bbox 55 3131 180 3209; x_wconf 91' lang='lat' dir='ltr'><strong>[Varro</strong></span> <span class='ocrx_word' id='word_1_217' title='bbox 211 3145 274 3189; x_wconf 85' lang='lat' dir='ltr'><strong>rer.</strong></span> <span class='ocrx_word' id='word_1_218' title='bbox 303 3126 428 3190; x_wconf 87' lang='lat' dir='ltr'><strong>human.</strong></span> <span class='ocrx_word' id='word_1_219' title='bbox 457 3127 498 3220; x_wconf 79' lang='lat' dir='ltr'><strong>ll.</strong></span> <span class='ocrx_word' id='word_1_220' title='bbox 536 3125 653 3199; x_wconf 86' lang='lat' dir='ltr'><strong>(Serv.</strong></span> <span class='ocrx_word' id='word_1_221' title='bbox 675 3125 758 3186; x_wconf 86' lang='lat' dir='ltr'><strong>Aen.</strong></span> <span class='ocrx_word' id='word_1_222' title='bbox 790 3127 850 3204; x_wconf 91' lang='grc' dir='ltr'>ΙΙΙ,</span> <span class='ocrx_word' id='word_1_223' title='bbox 886 3127 971 3199; x_wconf 78' lang='lat' dir='ltr'><strong>lta)</strong></span> <span class='ocrx_word' id='word_1_224' title='bbox 1006 3126 1162 3210; x_wconf 86' lang='lat' dir='ltr'><strong>quaedam</strong></span> <span class='ocrx_word' id='word_1_225' title='bbox 1179 3131 1301 3214; x_wconf 85' lang='lat' dir='ltr'><strong>lignea</strong></span> 
     </span>
     <span class='ocr_line' id='line_1_28' title="bbox 55 3223 1302 3320; baseline 0.002 -22"><span class='ocrx_word' id='word_1_226' title='bbox 55 3239 106 3300; x_wconf 92' lang='lat' dir='ltr'><strong>vel</strong></span> <span class='ocrx_word' id='word_1_227' title='bbox 132 3239 258 3316; x_wconf 88' lang='lat' dir='ltr'><strong>lapidea</strong></span> <span class='ocrx_word' id='word_1_228' title='bbox 279 3235 413 3320; x_wconf 78' lang='lat' dir='ltr'><strong>sigillal.</strong></span> <span class='ocrx_word' id='word_1_229' title='bbox 434 3225 549 3298; x_wconf 70' lang='lat' dir='ltr'><strong>nolti</strong></span> <span class='ocrx_word' id='word_1_230' title='bbox 570 3230 608 3297; x_wconf 80' lang='grc' dir='ltr'><strong>δὲ</strong></span> <span class='ocrx_word' id='word_1_231' title='bbox 629 3230 684 3296; x_wconf 75' lang='grc' dir='ltr'><strong>καὶ</strong></span> <span class='ocrx_word' id='word_1_232' title='bbox 704 3223 788 3296; x_wconf 73' lang='grc' dir='ltr'><strong>ἄλλα</strong></span> <span class='ocrx_word' id='word_1_233' title='bbox 807 3229 841 3297; x_wconf 79' lang='grc' dir='ltr'><strong>ἐν</strong></span> <span class='ocrx_word' id='word_1_234' title='bbox 861 3228 964 3319; x_wconf 78' lang='grc' dir='ltr'><strong><em>ἱεροῖς</em></strong></span> <span class='ocrx_word' id='word_1_235' title='bbox 992 3225 1142 3320; x_wconf 75' lang='grc' dir='ltr'><strong><em>ἄρχαίοις</em></strong></span> <span class='ocrx_word' id='word_1_236' title='bbox 1180 3235 1302 3300; x_wconf 71' lang='grc' dir='ltr'><em>εἴδωλα</em></span> 
     </span>
    </p>
   </div>
   <div class='ocr_carea' id='block_1_3' title="bbox 55 3333 1373 3860">
    <p class='ocr_par' dir='ltr' id='par_1_8' title="bbox 55 3333 1373 3860">
     <span class='ocr_line' id='line_1_29' title="bbox 55 3333 1301 3431; baseline -0.002 -25"><span class='ocrx_word' id='word_1_237' title='bbox 55 3344 120 3408; x_wconf 73' lang='grc' dir='ltr'><strong>τῶν</strong></span> <span class='ocrx_word' id='word_1_238' title='bbox 140 3343 233 3408; x_wconf 75' lang='grc' dir='ltr'><strong><em>θεῶν</em></strong></span> <span class='ocrx_word' id='word_1_239' title='bbox 252 3335 407 3409; x_wconf 78' lang='grc' dir='ltr'><strong><em>τοιούτων</em></strong></span> <span class='ocrx_word' id='word_1_240' title='bbox 424 3333 655 3424; x_wconf 72' lang='grc' dir='ltr'><strong>ἐθεασάμεθα,</strong></span> <span class='ocrx_word' id='word_1_241' title='bbox 677 3339 731 3405; x_wconf 82' lang='grc' dir='ltr'><strong>καὶ</strong></span> <span class='ocrx_word' id='word_1_242' title='bbox 751 3338 785 3405; x_wconf 80' lang='grc' dir='ltr'><strong>ἐν</strong></span> <span class='ocrx_word' id='word_1_243' title='bbox 806 3335 912 3405; x_wconf 73' lang='grc' dir='ltr'><strong><em>ἅπασι</em></strong></span> <span class='ocrx_word' id='word_1_244' title='bbox 934 3340 1095 3411; x_wconf 80' lang='grc' dir='ltr'><strong><em>νεανίσκοι</em></strong></span> <span class='ocrx_word' id='word_1_245' title='bbox 1117 3333 1177 3407; x_wconf 78' lang='grc' dir='ltr'><strong>δύο</strong></span> <span class='ocrx_word' id='word_1_246' title='bbox 1198 3362 1301 3431; x_wconf 79' lang='lat' dir='ltr'><strong>napo..</strong></span> 
     </span>
     <span class='ocr_line' id='line_1_30' title="bbox 55 3437 1301 3539; baseline 0.002 -23"><span class='ocrx_word' id='word_1_247' title='bbox 55 3443 192 3516; x_wconf 75' lang='grc' dir='ltr'><strong><em>τιωνικά</em></strong></span> <span class='ocrx_word' id='word_1_248' title='bbox 214 3444 364 3539; x_wconf 73' lang='grc' dir='ltr'><strong><em>σχήματα</em></strong></span> <span class='ocrx_word' id='word_1_249' title='bbox 385 3449 555 3539; x_wconf 74' lang='grc' dir='ltr'><strong><em>φαίνονται</em></strong></span> <span class='ocrx_word' id='word_1_250' title='bbox 576 3446 710 3532; x_wconf 51' lang='lat' dir='ltr'><strong>spernes.</strong></span> <span class='ocrx_word' id='word_1_251' title='bbox 755 3456 910 3531; x_wconf 86' lang='lat' dir='ltr'><strong>Penates,</strong></span> <span class='ocrx_word' id='word_1_252' title='bbox 943 3474 1024 3537; x_wconf 92' lang='lat' dir='ltr'><strong>quos</strong></span> <span class='ocrx_word' id='word_1_253' title='bbox 1055 3437 1183 3516; x_wconf 88' lang='lat' dir='ltr'><strong>Aeneas</strong></span> <span class='ocrx_word' id='word_1_254' title='bbox 1209 3455 1301 3523; x_wconf 87' lang='lat' dir='ltr'><strong>iussu</strong></span> 
     </span>
     <span class='ocr_line' id='line_1_31' title="bbox 59 3561 1300 3649; baseline -0.002 -21"><span class='ocrx_word' id='word_1_255' title='bbox 59 3566 211 3628; x_wconf 86' lang='lat' dir='ltr'><strong>Heetoris</strong></span> <span class='ocrx_word' id='word_1_256' title='bbox 233 3567 335 3638; x_wconf 84' lang='lat' dir='ltr'><strong>[Aen.</strong></span> <span class='ocrx_word' id='word_1_257' title='bbox 358 3565 400 3643; x_wconf 91' lang='grc' dir='ltr'><strong>ΙΙ,</strong></span> <span class='ocrx_word' id='word_1_258' title='bbox 421 3561 509 3632; x_wconf 74' lang='lat'><strong>293.)</strong></span> <span class='ocrx_word' id='word_1_259' title='bbox 531 3581 640 3626; x_wconf 88' lang='lat' dir='ltr'><strong>seeum</strong></span> <span class='ocrx_word' id='word_1_260' title='bbox 660 3572 775 3644; x_wconf 88' lang='lat' dir='ltr'><strong>portat,</strong></span> <span class='ocrx_word' id='word_1_261' title='bbox 799 3563 858 3644; x_wconf 88' lang='lat' dir='ltr'><strong>ipsi</strong></span> <span class='ocrx_word' id='word_1_262' title='bbox 880 3564 911 3624; x_wconf 92' lang='lat' dir='ltr'><strong>in</strong></span> <span class='ocrx_word' id='word_1_263' title='bbox 932 3564 1052 3626; x_wconf 85' lang='lat' dir='ltr'><strong>somnis</strong></span> <span class='ocrx_word' id='word_1_264' title='bbox 1071 3572 1223 3644; x_wconf 86' lang='lat' dir='ltr'><strong>apparent</strong></span> <span class='ocrx_word' id='word_1_265' title='bbox 1243 3567 1300 3649; x_wconf 85' lang='grc' dir='ltr'>ΙΙΙ,</span> 
     </span>
     <span class='ocr_line' id='line_1_32' title="bbox 59 3660 1373 3754; baseline 0.002 -19"><span class='ocrx_word' id='word_1_266' title='bbox 59 3672 149 3751; x_wconf 64' lang='grc'><strong>148,</strong></span> <span class='ocrx_word' id='word_1_267' title='bbox 180 3672 284 3752; x_wconf 88' lang='lat' dir='ltr'><strong>epulis</strong></span> <span class='ocrx_word' id='word_1_268' title='bbox 317 3671 359 3750; x_wconf 88' lang='lat' dir='ltr'><strong>V,</strong></span> <span class='ocrx_word' id='word_1_269' title='bbox 380 3673 431 3737; x_wconf 72' lang='lat'><strong>62.</strong></span> <span class='ocrx_word' id='word_1_270' title='bbox 451 3670 644 3746; x_wconf 82' lang='lat' dir='ltr'><strong>adhibentur,</strong></span> <span class='ocrx_word' id='word_1_271' title='bbox 670 3674 710 3735; x_wconf 81' lang='lat' dir='ltr'><strong>ab</strong></span> <span class='ocrx_word' id='word_1_272' title='bbox 733 3676 845 3736; x_wconf 88' lang='lat' dir='ltr'><strong>Aenea</strong></span> <span class='ocrx_word' id='word_1_273' title='bbox 873 3682 957 3736; x_wconf 86' lang='lat' dir='ltr'><strong>tarra</strong></span> <span class='ocrx_word' id='word_1_274' title='bbox 978 3673 1071 3735; x_wconf 83' lang='lat' dir='ltr'><strong>ltalia</strong></span> <span class='ocrx_word' id='word_1_275' title='bbox 1088 3671 1219 3754; x_wconf 78' lang='lat' dir='ltr'><strong>eognita</strong></span> <span class='ocrx_word' id='word_1_276' title='bbox 1243 3690 1302 3736; x_wconf 88' lang='lat' dir='ltr'><strong>sa-</strong></span> <span class='ocrx_word' id='word_1_277' title='bbox 1369 3660 1373 3669; x_wconf 50' lang='lat'><strong>¹</strong></span> 
     </span>
     <span class='ocr_line' id='line_1_33' title="bbox 58 3752 1177 3860; baseline 0.002 -18"><span class='ocrx_word' id='word_1_278' title='bbox 58 3784 201 3843; x_wconf 75' lang='lat' dir='ltr'><strong>tuantur</strong></span> <span class='ocrx_word' id='word_1_279' title='bbox 224 3780 300 3860; x_wconf 87' lang='lat' dir='ltr'><strong>vn,</strong></span> <span class='ocrx_word' id='word_1_280' title='bbox 326 3780 403 3844; x_wconf 64' lang='lat' dir='ltr'><strong>rata</strong></span> <span class='ocrx_word' id='word_1_281' title='bbox 962 3752 967 3779; x_wconf 71' lang='lat'><em>¹</em></span> <span class='ocrx_word' id='word_1_282' title='bbox 1175 3786 1177 3795; x_wconf 91' lang='lat'>·</span> 
     </span>
    </p>
   </div>
   <div class='ocr_carea' id='block_1_4' title="bbox 61 3915 1319 4867">
    <p class='ocr_par' dir='ltr' id='par_1_9' title="bbox 61 3915 1319 4867">
     <span class='ocr_line' id='line_1_34' title="bbox 151 3915 920 3995; baseline -0.007 -18"><span class='ocrx_word' id='word_1_283' title='bbox 151 3915 288 3995; x_wconf 81' lang='lat' dir='ltr'><strong>Vosque,</strong></span> <span class='ocrx_word' id='word_1_284' title='bbox 310 3920 366 3995; x_wconf 82' lang='lat' dir='ltr'><strong>ait,</strong></span> <span class='ocrx_word' id='word_1_285' title='bbox 388 3937 405 3976; x_wconf 93' lang='lat' dir='ltr'><strong>o</strong></span> <span class='ocrx_word' id='word_1_286' title='bbox 424 3919 483 3995; x_wconf 78' lang='lat' dir='ltr'><strong>fidi</strong></span> <span class='ocrx_word' id='word_1_287' title='bbox 506 3917 614 3976; x_wconf 75' lang='lat' dir='ltr'><strong>l&#39;roiae</strong></span> <span class='ocrx_word' id='word_1_288' title='bbox 632 3917 750 3976; x_wconf 81' lang='lat' dir='ltr'><strong>salvete</strong></span> <span class='ocrx_word' id='word_1_289' title='bbox 773 3915 920 3976; x_wconf 78' lang='lat' dir='ltr'><strong>Permtee.</strong></span> 
     </span>
     <span class='ocr_line' id='line_1_35' title="bbox 61 4018 1306 4106; baseline -0.006 -19"><span class='ocrx_word' id='word_1_290' title='bbox 61 4026 89 4087; x_wconf 90' lang='lat' dir='ltr'><strong>A</strong></span> <span class='ocrx_word' id='word_1_291' title='bbox 120 4023 236 4104; x_wconf 89' lang='lat' dir='ltr'><strong>quibus</strong></span> <span class='ocrx_word' id='word_1_292' title='bbox 264 4022 375 4084; x_wconf 84' lang='lat' dir='ltr'><strong>differe</strong></span> <span class='ocrx_word' id='word_1_293' title='bbox 404 4023 551 4084; x_wconf 88' lang='lat' dir='ltr'><strong>videntur</strong></span> <span class='ocrx_word' id='word_1_294' title='bbox 579 4023 692 4106; x_wconf 85' lang='lat' dir='ltr'><strong>Magni</strong></span> <span class='ocrx_word' id='word_1_295' title='bbox 717 4024 788 4100; x_wconf 88' lang='lat' dir='ltr'><strong>Dii,</strong></span> <span class='ocrx_word' id='word_1_296' title='bbox 822 4023 875 4102; x_wconf 91' lang='lat' dir='ltr'><strong>qui</strong></span> <span class='ocrx_word' id='word_1_297' title='bbox 903 4029 1068 4084; x_wconf 85' lang='lat' dir='ltr'><strong>venantur.</strong></span> <span class='ocrx_word' id='word_1_298' title='bbox 1119 4018 1306 4081; x_wconf 82' lang='lat' dir='ltr'><strong>Maerobius</strong></span> 
     </span>
     <span class='ocr_line' id='line_1_36' title="bbox 61 4123 1308 4214; baseline -0.007 -19"><span class='ocrx_word' id='word_1_299' title='bbox 61 4132 190 4214; x_wconf 91' lang='lat' dir='ltr'><strong>quidem</strong></span> <span class='ocrx_word' id='word_1_300' title='bbox 213 4126 259 4190; x_wconf 88' lang='grc' dir='ltr'><strong>ΙΙΙ</strong></span> <span class='ocrx_word' id='word_1_301' title='bbox 267 4174 277 4206; x_wconf 94' lang='grc'>,</span> <span class='ocrx_word' id='word_1_302' title='bbox 306 4131 353 4201; x_wconf 74' lang='grc'><strong>4.,</strong></span> <span class='ocrx_word' id='word_1_303' title='bbox 379 4129 462 4210; x_wconf 92' lang='lat' dir='ltr'><strong>quod</strong></span> <span class='ocrx_word' id='word_1_304' title='bbox 486 4127 622 4190; x_wconf 87' lang='lat' dir='ltr'><strong>Cassius</strong></span> <span class='ocrx_word' id='word_1_305' title='bbox 645 4129 779 4191; x_wconf 88' lang='lat' dir='ltr'><strong>Hemina</strong></span> <span class='ocrx_word' id='word_1_306' title='bbox 798 4128 941 4208; x_wconf 84' lang='lat' dir='ltr'><strong>dixerat,</strong></span> <span class='ocrx_word' id='word_1_307' title='bbox 964 4123 1193 4190; x_wconf 76' lang='lat' dir='ltr'><strong>Samothracas</strong></span> <span class='ocrx_word' id='word_1_308' title='bbox 1228 4124 1308 4187; x_wconf 87' lang='lat' dir='ltr'><strong>deos</strong></span> 
     </span>
     <span class='ocr_line' id='line_1_37' title="bbox 61 4218 1308 4320; baseline -0.007 -18"><span class='ocrx_word' id='word_1_309' title='bbox 61 4240 261 4320; x_wconf 87' lang='lat' dir='ltr'><strong>eosdemque</strong></span> <span class='ocrx_word' id='word_1_310' title='bbox 285 4238 499 4301; x_wconf 81' lang='lat' dir='ltr'><strong>Romanorum</strong></span> <span class='ocrx_word' id='word_1_311' title='bbox 522 4239 662 4299; x_wconf 87' lang='lat' dir='ltr'><strong>Penates</strong></span> <span class='ocrx_word' id='word_1_312' title='bbox 686 4238 811 4318; x_wconf 82' lang='lat' dir='ltr'><strong>proprie</strong></span> <span class='ocrx_word' id='word_1_313' title='bbox 832 4222 1003 4306; x_wconf 68' lang='lat' dir='ltr'><strong>aicieeoig</strong></span> <span class='ocrx_word' id='word_1_314' title='bbox 1023 4220 1192 4316; x_wconf 76' lang='grc' dir='ltr'><strong><em>μεγάλους,</em></strong></span> <span class='ocrx_word' id='word_1_315' title='bbox 1207 4218 1308 4304; x_wconf 66' lang='grc' dir='ltr'><strong>θεοὺς</strong></span> 
     </span>
     <span class='ocr_line' id='line_1_38' title="bbox 61 4334 1312 4434; baseline -0.006 -25"><span class='ocrx_word' id='word_1_316' title='bbox 61 4334 240 4434; x_wconf 75' lang='grc' dir='ltr'><strong><em>χρηστούς,</em></strong></span> <span class='ocrx_word' id='word_1_317' title='bbox 264 4335 366 4418; x_wconf 72' lang='grc' dir='ltr'><strong>θεοὺς</strong></span> <span class='ocrx_word' id='word_1_318' title='bbox 387 4334 557 4423; x_wconf 78' lang='grc' dir='ltr'><strong><em>δυνατούς,</em></strong></span> <span class='ocrx_word' id='word_1_319' title='bbox 586 4349 619 4408; x_wconf 91' lang='lat' dir='ltr'><strong>in</strong></span> <span class='ocrx_word' id='word_1_320' title='bbox 641 4346 692 4408; x_wconf 90' lang='lat' dir='ltr'><strong>illa</strong></span> <span class='ocrx_word' id='word_1_321' title='bbox 714 4346 871 4407; x_wconf 83' lang='lat' dir='ltr'><strong>locutione</strong></span> <span class='ocrx_word' id='word_1_322' title='bbox 894 4344 956 4416; x_wconf 93' lang='grc' dir='ltr'>ΙΙΙ,</span> <span class='ocrx_word' id='word_1_323' title='bbox 984 4343 1038 4406; x_wconf 74' lang='grc'><strong>12;</strong></span> <span class='ocrx_word' id='word_1_324' title='bbox 1084 4345 1258 4405; x_wconf 79' lang='lat' dir='ltr'><strong>Penatibus</strong></span> <span class='ocrx_word' id='word_1_325' title='bbox 1278 4349 1312 4402; x_wconf 86' lang='lat' dir='ltr'><strong>et</strong></span> 
     </span>
     <span class='ocr_line' id='line_1_39' title="bbox 64 4451 1307 4540; baseline -0.006 -19"><span class='ocrx_word' id='word_1_326' title='bbox 64 4462 193 4538; x_wconf 69' lang='lat' dir='ltr'><strong>mapnis</strong></span> <span class='ocrx_word' id='word_1_327' title='bbox 222 4459 284 4518; x_wconf 80' lang='lat' dir='ltr'><strong>Die</strong></span> <span class='ocrx_word' id='word_1_328' title='bbox 313 4456 456 4519; x_wconf 86' lang='lat' dir='ltr'><strong>Penates</strong></span> <span class='ocrx_word' id='word_1_329' title='bbox 486 4465 519 4518; x_wconf 91' lang='lat' dir='ltr'><strong>et</strong></span> <span class='ocrx_word' id='word_1_330' title='bbox 535 4457 674 4540; x_wconf 85' lang='lat' dir='ltr'><strong>Magnos</strong></span> <span class='ocrx_word' id='word_1_331' title='bbox 695 4455 785 4516; x_wconf 89' lang='lat' dir='ltr'><strong>Deos</strong></span> <span class='ocrx_word' id='word_1_332' title='bbox 805 4452 937 4514; x_wconf 90' lang='lat' dir='ltr'><strong>eosdem</strong></span> <span class='ocrx_word' id='word_1_333' title='bbox 958 4469 1034 4513; x_wconf 88' lang='lat' dir='ltr'><strong>esse</strong></span> <span class='ocrx_word' id='word_1_334' title='bbox 1054 4451 1226 4514; x_wconf 84' lang='lat' dir='ltr'><strong>arbitratus</strong></span> <span class='ocrx_word' id='word_1_335' title='bbox 1248 4455 1307 4512; x_wconf 88' lang='lat' dir='ltr'><strong>est.</strong></span> 
     </span>
     <span class='ocr_line' id='line_1_40' title="bbox 64 4553 1309 4645; baseline -0.01 -17"><span class='ocrx_word' id='word_1_336' title='bbox 64 4568 153 4629; x_wconf 86' lang='lat' dir='ltr'><strong>Sane</strong></span> <span class='ocrx_word' id='word_1_337' title='bbox 173 4567 244 4645; x_wconf 86' lang='lat' dir='ltr'><strong>ipse</strong></span> <span class='ocrx_word' id='word_1_338' title='bbox 265 4572 361 4645; x_wconf 81' lang='lat' dir='ltr'><strong>poeta</strong></span> <span class='ocrx_word' id='word_1_339' title='bbox 384 4564 450 4645; x_wconf 80' lang='lat' dir='ltr'><strong>tx,</strong></span> <span class='ocrx_word' id='word_1_340' title='bbox 471 4562 543 4628; x_wconf 73' lang='lat'><strong>258.</strong></span> <span class='ocrx_word' id='word_1_341' title='bbox 571 4582 704 4639; x_wconf 72' lang='lat' dir='ltr'><strong>maqnos</strong></span> <span class='ocrx_word' id='word_1_342' title='bbox 735 4560 908 4642; x_wconf 87' lang='lat' dir='ltr'><strong>appellavit</strong></span> <span class='ocrx_word' id='word_1_343' title='bbox 934 4561 1109 4622; x_wconf 55' lang='lat' dir='ltr'><strong>Penates..</strong></span> <span class='ocrx_word' id='word_1_344' title='bbox 1126 4556 1194 4621; x_wconf 85' lang='lat' dir='ltr'><strong>Sed</strong></span> <span class='ocrx_word' id='word_1_345' title='bbox 1223 4553 1309 4618; x_wconf 85' lang='lat' dir='ltr'><strong>alind</strong></span> 
     </span>
     <span class='ocr_line' id='line_1_41' title="bbox 64 4657 1312 4751; baseline -0.013 -13"><span class='ocrx_word' id='word_1_346' title='bbox 64 4683 115 4738; x_wconf 89' lang='lat' dir='ltr'><strong>est</strong></span> <span class='ocrx_word' id='word_1_347' title='bbox 143 4677 257 4751; x_wconf 72' lang='lat' dir='ltr'><strong>manni</strong></span> <span class='ocrx_word' id='word_1_348' title='bbox 276 4673 429 4747; x_wconf 79' lang='lat' dir='ltr'><strong>Penates,</strong></span> <span class='ocrx_word' id='word_1_349' title='bbox 455 4671 593 4734; x_wconf 88' lang='lat' dir='ltr'><strong>etaliud</strong></span> <span class='ocrx_word' id='word_1_350' title='bbox 616 4672 755 4732; x_wconf 79' lang='lat' dir='ltr'><strong>Penates</strong></span> <span class='ocrx_word' id='word_1_351' title='bbox 775 4677 808 4730; x_wconf 87' lang='lat' dir='ltr'><strong>et</strong></span> <span class='ocrx_word' id='word_1_352' title='bbox 821 4669 938 4745; x_wconf 74' lang='lat' dir='ltr'><strong>Moqni</strong></span> <span class='ocrx_word' id='word_1_353' title='bbox 955 4670 1019 4729; x_wconf 79' lang='lat' dir='ltr'><strong>Dii.</strong></span> <span class='ocrx_word' id='word_1_354' title='bbox 1050 4657 1202 4746; x_wconf 74' lang='lat' dir='ltr'><strong>&#39;Magnos</strong></span> <span class='ocrx_word' id='word_1_355' title='bbox 1221 4663 1312 4724; x_wconf 89' lang='lat' dir='ltr'><strong>Deos</strong></span> 
     </span>
     <span class='ocr_line' id='line_1_42' title="bbox 66 4769 1319 4867; baseline -0.011 -22"><span class='ocrx_word' id='word_1_356' title='bbox 66 4792 218 4867; x_wconf 85' lang='lat' dir='ltr'><strong>quattuor</strong></span> <span class='ocrx_word' id='word_1_357' title='bbox 237 4779 321 4857; x_wconf 87' lang='lat' dir='ltr'><strong>illos,</strong></span> <span class='ocrx_word' id='word_1_358' title='bbox 342 4777 395 4859; x_wconf 87' lang='lat' dir='ltr'><strong>qai</strong></span> <span class='ocrx_word' id='word_1_359' title='bbox 416 4775 543 4840; x_wconf 87' lang='lat' dir='ltr'><strong>&#39;l&#39;roiam</strong></span> <span class='ocrx_word' id='word_1_360' title='bbox 565 4779 605 4850; x_wconf 89' lang='grc' dir='ltr'><strong>ΙΙ,</strong></span> <span class='ocrx_word' id='word_1_361' title='bbox 618 4776 794 4842; x_wconf 77' lang='lat' dir='ltr'><strong>alo-618.</strong></span> <span class='ocrx_word' id='word_1_362' title='bbox 816 4781 978 4853; x_wconf 83' lang='lat' dir='ltr'><strong>evertunt,</strong></span> <span class='ocrx_word' id='word_1_363' title='bbox 997 4773 1198 4855; x_wconf 83' lang='lat' dir='ltr'><strong>Nepamnm,</strong></span> <span class='ocrx_word' id='word_1_364' title='bbox 1220 4769 1319 4832; x_wconf 89' lang='lat' dir='ltr'><strong>luno-</strong></span> 
     </span>
    </p>
   </div>
   <div class='ocr_carea' id='block_1_5' title="bbox 0 0 1515 5184">
    <p class='ocr_par' dir='ltr' id='par_1_10' title="bbox 0 0 1515 5184">
     <span class='ocr_line' id='line_1_43' title="bbox 0 0 1515 5184; baseline 0 0"><span class='ocrx_word' id='word_1_365' title='bbox 0 0 1515 5184; x_wconf 95' lang='lat' dir='ltr'><strong> </strong></span> 
     </span>
    </p>
   </div>
  </div>
 </body>
</html>
