3000 5184
449 217 505 282 De
526 215 656 279 letica
677 235 723 278 ac
743 215 916 284 thorace.
1250 225 1296 288 us

32 405 64 469 in
88 402 226 466 hostem
245 401 449 479 erecti-sunt,
466 400 625 463 stantibus
645 400 747 481 equis,
769 402 883 482 partim
899 421 941 468 ex
962 404 1044 486 ipsis
1062 406 1167 488 equis,
1175 409 1290 489 partim

32 510 235 574 desilientes
257 509 536 588 immiscentesque
556 524 594 570 se
615 505 776 588 peditibus
802 510 1018 592 pugnabantur
1048 512 1208 594 XXXIX,
1228 516 1287 582 ut:

32 619 247 699 „Coactique
268 626 343 679 sunt
360 617 497 679 Romani
517 615 643 696 equites
665 614 863 680 descendere
884 639 927 682 ex
948 621 1067 701 equina
1099 621 1223 686 Caesar
1244 627 1282 690 B.

32 729 128 794 Gall.
154 730 215 808 Ν,
237 728 267 794 2.
289 705 336 788 de¹
351 725 472 788 saevis
501 733 623 788 narrat:
647 726 878 807 „Equestribus
888 730 1018 809 proeliis
1030 750 1182 813 saepeex
1196 736 1288 815 equis

30 839 194 902 desiliunt
214 853 255 901 ac
275 835 409 917 pedibus
427 834 634 915 proeliantur,
658 853 821 918 equusque
842 836 1133 903 ecdemremauere
1147 843 1285 924 vestffln
1361 829 1368 848 ⁸

31 945 282 1028 adsuefaciunt,
304 944 345 1009 ad
359 963 447 1026 quos
469 963 506 1006 se
528 945 688 1026 celeriter,
711 962 808 1025 quum
829 963 909 1007 usus
931 955 995 1027 est,
1018 929 1206 1030 recipiente
1235 952 1287 1016 ct.

33 1053 101 1134 IV,
132 1053 181 1144 12.
795 1051 805 1062 ”

107 1184 279 1251 Celerituti
293 1186 335 1248 illi
354 1193 388 1247 et
409 1184 627 1248 exercitationi
641 1185 721 1247 Aen.
730 1186 806 1268 Vll,
819 1184 887 1252 163.
900 1194 1095 1251 memoratae
1114 1204 1284 1270 compares

30 1299 226 1378 aptissime,
261 1313 357 1377 quam
385 1293 446 1356 sibi
473 1295 551 1376 ipsis
580 1293 705 1358 laudem
726 1297 932 1359 consciscunt
952 1297 1032 1360 itale
1050 1297 1202 1360 iuventas
1221 1299 1284 1380 tx,

28 1401 247 1478 uus-ela,
269 1417 350 1483 ques
371 1399 482 1463 lectari
502 1418 617 1464 versus
637 1402 795 1485 legendos
814 1403 1028 1485 relinquimus
1065 1404 1149 1468 Huic
1168 1407 1284 1469 iuven-

33 1511 95 1572 tuti
117 1509 202 1572 606:
576 1505 578 1514 ’

121 1618 268 1679 Flectere
286 1615 382 1678 ludus
404 1637 501 1697 equor
520 1625 555 1678 et
572 1619 695 1697 apicula
715 1622 844 1681 tudere
863 1639 972 1684 come.

33 1750 134 1832 Apud
157 1747 314 1812 Didonem
336 1767 413 1811 vcro
437 1746 468 1810 iu
489 1749 652 1815 civitatem
675 1754 813 1837 segnitie
833 1755 956 1838 inlapsa
975 1755 1036 1837 tv,
1056 1754 1115 1818 86:

123 1861 200 1922 Nera
222 1863 348 1936 coeptae
367 1857 550 1936 udmrqunt
569 1865 685 1938 turres,
708 1881 774 1923 nera
793 1884 884 1925 erma
902 1870 1049 1927 laceratus

121 1971 278 2030 Exercet.

33 2095 130 2176 Opus
158 2113 239 2156 vero
267 2104 352 2178 erat,
390 2103 439 2176 ut,
471 2095 522 2179 qui
549 2116 605 2177 pro
633 2097 734 2178 patria
762 2097 921 2178 stipendia
947 2098 1087 2184 faceret,
1122 2100 1279 2184 ingenuus

32 2211 133 2264 natus
155 2208 261 2281 esset3
289 2199 329 2262 de
349 2219 447 2264 serva
468 2205 521 2264 vel
543 2221 639 2266 servu
662 2212 755 2266 natus
775 2225 837 2268 ucn
853 2206 955 2286 potuit
972 2225 1060 2269 arma
1076 2207 1174 2288 ierre3
1197 2209 1280 2272 unde

33 2313 232 2376 Helenerem
251 2313 310 2398 IX,
323 2311 394 2376 547.
415 2318 517 2375 vetitis
538 2319 637 2376 nrmin
663 2314 818 2377 militasse
839 2321 956 2376 narrat.
1003 2315 1186 2378 Nobiliores
1211 2317 1280 2378 virc

31 2420 62 2482 in
75 2442 114 2483 re
133 2420 256 2482 militari
277 2420 408 2503 probato
430 2419 635 2502 addebantur,
658 2428 696 2482 ut
713 2422 862 2484 virtutem
880 2430 913 2483 et
930 2421 1138 2485 obedientiam
1159 2422 1278 2486 educe·

35 2545 155 2592 remur.
189 2525 268 2589 lude
289 2523 440 2590 Evander
461 2526 638 2590 Pallantem
657 2527 789 2588 Aeneae
811 2524 906 2588 tradit
926 2526 1018 2598 Vlll,
1040 2527 1122 2590 514:

118 2661 217 2722 Hune
238 2663 295 2722 uta·
308 2667 487 2739 praetcrea,
511 2680 584 2739 sper
605 2667 639 2721 ct
657 2659 775 2722 solcum
795 2661 909 2738 matri,

117 2775 272 2836 Pallante
293 2774 483 2852 aduncam
505 2773 564 2834 aab
577 2762 618 2832 'te
637 2772 777 2832 tolerare
795 2773 954 2847 mapiatrc‘
1086 2747 1089 2750 ⁴

115 2882 268 2944 Militiam
289 2890 321 2943 ct
336 2901 435 2960 praec
456 2882 577 2944 Martie
591 2901 683 2964 apua,
705 2887 762 2942 tua
781 2897 911 2940 corruere
925 2879 1015 2959 [actu

118 2991 311 3066 Adauescct,
331 2994 446 3070 priscis
465 2997 500 3054 et
518 2997 549 3053 te
566 2993 700 3053 martur
717 2989 757 3051 cb
777 2990 883 3050 annea

608 3252 643 3344 q.
663 3257 717 3323 en.

409 3416 468 3471 lle
488 3417 619 3473 lca-lea
636 3430 684 3471 ae
700 3396 883 3472 thorace}

115 3602 215 3684 Apud
236 3601 409 3664 Humerum
430 3601 545 3685 triplex
565 3612 616 3666 cst
636 3602 775 3685 pectoris
796 3600 941 3686 tergiqne
968 3599 1001 3664 in
1029 3598 1146 3683 pugnis
1165 3596 1273 3660 vesti-

37 3719 174 3774 mentum
196 3728 236 3772 ae
256 3711 497 3792 munimentum
518 3698 636 3797 θώραξ
656 3714 739 3776 enim
763 3712 818 3773 vel
839 3697 1005 3782 στάδιος
1033 3717 1084 3771 est
1108 3692 1273 3791 γυάλοισιν

35 3805 175 3904 ἀρηρώς,
196 3802 329 3900 γυάλοις
350 3813 621 3904 συνηρμοσμένος,
641 3817 696 3881 vei
717 3804 927 3903 στρεπτός
946 3818 1037 3898 isque
1063 3799 1274 3890 ἆλυσιδωτός,

37 3925 62 3986 ri
82 3926 270 3990 annulorum
293 3929 413 3992 catenis
433 3940 484 3991 est
504 3931 717 4012 constrictus,
739 3937 773 3992 et
793 3913 992 4003 λεπιδωτός,
1018 3909 1213 4011 potencia,
1242 3923 1272 3986 si

37 4033 175 4114 squamis
198 4041 249 4097 est
270 4042 446 4118 consertus,
460 4036 515 4100 vel
534 4021 728 4120 λινόθωρηξ,
738 4033 941 4096 debilioribus
963 4047 1149 4095 concessus.
1170 4031 1272 4094 Uter-

37 4160 94 4224 que
113 4144 253 4225 priurum
275 4163 352 4222 aere
371 4162 498 4227 semper
529 4152 665 4208 cunstat.
706 4141 836 4226 Duplex
857 4149 978 4204 tantum
999 4137 1085 4221 apud
1105 4122 1288 4203 liemaucs⁴

37 4259 100 4314 erat
122 4251 233 4319 forma.
255 4250 412 4331 Quamvis
431 4251 512 4316 enim
523 4249 899 4316 uotumniiluruseorum
918 4250 1005 4333 regis
1028 4247 1267 4312 uorax-linteus

37 4359 103 4422 Liv.
124 4360 187 4438 Ν,
210 4359 274 4437 20,
295 4359 487 4424 Samnitium
520 4361 562 4436 X,
586 4357 636 4422 38.
670 4357 754 4441 legin
774 4359 904 4422 linteata
924 4365 1132 4438 memoretur,
1154 4371 1175 4419 a
1194 4354 1267 4420 lic-

39 4473 136 4532 manis
162 4477 270 4532 tamen
301 4468 343 4531 ad
372 4466 507 4532 Galbam
541 4475 573 4531 et
594 4466 794 4531 Caracallum
814 4483 918 4550 usque
945 4485 1008 4529 uon
1032 4473 1085 4527 cst
1104 4462 1265 4542 adoptata.

38 4576 276 4660 distinguuntur
297 4576 497 4659 potissimum
521 4575 677 4656 luricae
697 4575 950 4655 thoracesque
972 4570 1266 4653 (traxerunt

40 4683 99 4746 lam
121 4683 227 4746 Varro
249 4684 287 4744 [r.
309 4684 347 4744 L.
369 4683 411 4749 V.
431 4689 459 4758 8.
483 4683 557 4748 116:
579 4684 713 4748 »berica
735 4682 818 4765 quud
837 4702 858 4745 e
879 4682 956 4745 loris
985 4681 1026 4744 de
1052 4681 1139 4744 curio
1168 4677 1266 4742 crude

43 4792 211 4871 pectoralia
232 4791 406 4854 iaciebant:
427 4798 541 4874 postea
561 4793 696 4856 subsidit
718 4789 842 4857 umisa
868 4811 889 4854 e
909 4791 993 4854 icrre
1017 4789 1081 4853 salt
1107 4786 1140 4849 id
1156 4803 1264 4849 veca-
