3000 5184
539 188 665 251 '112
1535 141 1653 254 De
1691 191 2020 276 legatis.

543 382 697 455 stat,
739 382 946 436 utrum
989 373 1113 454 ipsi
1148 373 1305 436 rami
1351 371 1714 438 velamenta
1752 375 1901 458 sint,
1946 381 2017 437 ut
2038 372 2367 456 Vergilius
2408 384 2605 440 ranis
2633 382 2877 444 velatos
2900 403 3000 464 ap-

539 481 754 560 pellat,
795 501 875 542 an
918 470 1288 554 ἆσυνὸἐτως
1311 493 1392 544 et
1435 486 1667 559 vittae,
1720 494 1785 546 et
1830 486 1985 548 rami
2024 495 2356 567 ponantur.
2442 488 2771 550 Posterius
2816 493 3000 575 magis

543 594 768 672 placet.
851 591 1082 667 XXX,
1130 587 1243 652 36:
1308 591 1546 671 „Haud
1590 594 1807 672 procul
1850 594 2108 674 aberat,
2173 611 2367 674 quum
2412 593 2696 655 velata
2754 596 3000 659 infulis

543 699 955 780 ramisque
1000 717 1036 758 ο
1062 699 1246 760 leae
1290 697 1913 783 Carthaginiensium
1963 688 2232 764 occurrit
2262 721 2388 763 nav
2390 706 2471 764 is.
2554 703 2798 765 Decem
2833 707 3000 787 legati

539 815 718 868 ⁴erant
760 808 1073 887 principes
1117 808 1393 868 civitatis
1440 812 1773 880 (oratores
1826 813 2037 886 prima
2093 812 2171 871 de
2206 818 2395 888 gente
2449 811 2647 892 V.erg
2693 813 2812 886 XI,
2851 812 3000 885 331.)

543 925 805 980 auctore
859 917 1213 979 Hannibale
1269 919 1446 979 missi
1505 917 1588 978 ad
1629 897 1963 998 petendam
2008 939 2248 999 pacem.
2335 920 2457 998 Qui
2502 937 2692 1000 quum
2740 917 2823 980 ad
2865 938 3000 999 pup-

543 1027 666 1108 pim
708 1025 1062 1106 praetoriae
1105 1023 1287 1085 navis
1329 1025 1788 1107 accessissent,
1830 1025 2097 1086 velam
2125 1034 2315 1088 enta
2356 1030 2801 1110 supplicum
2848 1048 3000 1110 por-

543 1136 937 1215 rigentes,
1004 1142 1256 1194 orantes
1299 1131 1835 1213 implorantesque
1877 1133 2064 1196 fidem
2110 1144 2175 1197 et
2220 1136 2717 1201 misericordiam
2765 1138 3000 1217 Scipio-

543 1239 705 1302 nis.“
789 1239 1073 1320 XXXV,
1115 1238 1224 1300 34:
1287 1239 1597 1302 ”Liberos
1644 1249 1709 1302 et
1756 1244 2094 1325 coniugem
2140 1247 2467 1306 eius'cum
2514 1246 2771 1310 sordida
2813 1258 3000 1328 veste⁴⁴

539 1363 830 1416 tenentes
896 1351 1360 1414 velamenta
1415 1352 1919 1433 supplicum,
1978 1353 2347 1414 concionem
2408 1355 2804 1434 frequentem
2849 1356 3000 1418 adire

543 1457 816 1526 iubent.“
898 1459 1142 1540 XLIV,
1192 1460 1291 1522 192
1376 1458 1761 1540 „Sacrificio
1819 1459 1939 1521 rite
1991 1459 2273 1538 perfecto
2331 1443 2512 1541 primi
2593 1463 3000 1548 Alexandrini,⁴

539 1571 730 1653 legati
771 1567 852 1632 ab
883 1566 1246 1630 Ptolemaeo
1292 1576 1357 1629 et
1411 1567 1753 1648 Cleopatra
1794 1567 2055 1650 regibus
2115 1569 2330 1630 vocati
2394 1582 2564 1635 sunt.
2677 1573 3000 1649 Sordidati³

539 1683 732 1745 barba
799 1691 863 1745 et
924 1679 1150 1762 capillo
1204 1679 1565 1761 promisso,
1626 1695 1799 1739 cum
1856 1678 2099 1741 ramis
2156 1678 2398 1742 oleae
2454 1680 2726 1762 ingressi
2787 1687 3000 1745 curiam

539 1793 1040 1876 procubuerunt,
1100 1798 1166 1851 et
1190 1789 1431 1883 oratio,
1475 1807 1661 1869 quam
1724 1787 2016 1871 habitus,
2090 1788 2207 1852 fuit
2263 1786 2742 1854 miserabilior.“
2825 1791 3000 1853 Audit

539 1904 756 1984 itaque
815 1919 853 1962 a
915 1898 1136 1974 Livio,
1205 1915 1442 1957 morem
1487 1896 1668 1956 oleae
1710 1899 1774 1957 in
1820 1900 1923 1977 si,⁵
1886 1913 2072 1957 onum
2119 1896 2293 1976 pacis
2336 1898 2759 1981 porrigendae
2801 1922 3000 1966 revera

543 2011 862 2076 Graecum
910 2026 1098 2079 esse,
1155 2004 1322 2088 quod
1366 2024 1451 2067 ex
1491 2006 1646 2066 artis
1691 2014 2235 2068 monumentorum
2279 2008 2459 2087 eopia
2504 2007 2856 2071 confirmari
2900 2030 3000 2089 po-

543 2119 703 2182 terit.
789 2116 920 2179 Sed
964 2115 1274 2197 quomodo
1317 2123 1569 2196 poetam
1615 2123 1895 2176 nostrum
1946 2133 1983 2176 a
2029 2115 2137 2176 tali
2179 2115 2321 2177 labe
2361 2112 2825 2179 defendemus?
2878 2118 3000 2179 Non

543 2226 938 2310 negandum,
987 2226 1193 2306 ipsum
1254 2225 1376 2286 hoc
1431 2225 1575 2285 loco
1634 2219 1949 2286 Graecum
1993 2224 2175 2284 ritum
2218 2221 2595 2306 adoptasse,
2648 2223 2767 2286 sed
2836 2228 3000 2287 talem

543 2336 760 2409 ritum,
835 2311 977 2415 qui,
1041 2352 1229 2415 quum
1298 2335 1570 2415 populus
1629 2332 1957 2394 Romanus
2014 2331 2129 2392 vix
2206 2351 2477 2414 unquam
2535 2332 2615 2394 ad
2676 2353 2904 2415 preces
2958 2344 3000 2396 el

541 2442 1026 2524 supplicationes
1068 2440 1231 2502 bello
1278 2443 1486 2504 vietus
1527 2440 1718 2502 fuerit
1760 2439 2081 2521 delapsuS,
2127 2458 2163 2503 e
2205 2442 2407 2520 patria
2447 2441 2585 2522 ipsa
2629 2445 2875 2505 arcessi
2904 2463 3000 2504 ne-

539 2568 852 2633 quaquam
894 2558 1159 2631 poterat.
1242 2548 1363 2614 Ubi
1410 2549 1574 2612 enim
1622 2549 1873 2612 occasio
1918 2568 2171 2631 semper
2214 2549 2438 2632 defuit,
2480 2548 2562 2612 ibi
2602 2569 2742 2612 mos
2772 2570 3000 2633 quoque

537 2659 777 2740 patrius
857 2657 1059 2722 excoli
1127 2661 1364 2739 nequit.
1464 2656 1675 2735 Quum
1762 2656 1951 2740 igitur
2024 2657 2346 2739 supplices
2417 2657 2631 2719 modo‘
2685 2659 3000 2738 Troianos¹

539 2766 725 2828 modo
765 2767 962 2827 Italos
1008 2765 1331 2843 redderet,
1397 2785 1521 2826 non
1588 2774 1763 2843 erat,
1830 2763 1995 2846 quod
2062 2785 2297 2826 morem
2364 2784 2449 2825 ex
2491 2756 2760 2828 historia
2802 2770 3000 2848 partim

539 2876 830 2951 Graeca,
898 2878 1128 2963 ‘partim
1188 2876 1476 2938 Romana
1536 2876 1929 2938 notissimum
1978 2873 2299 2938 Graecum
2345 2877 2652 2943 reiiceret.
2740 2875 3000 2957 Denique

547 3007 697 3048 vero
741 3005 868 3047 non
907 2984 1160 3066 dubito,
1208 2986 1361 3066 ,quin
1405 2985 1484 3046 ab
1532 2985 1686 3064 ipsis
1728 2985 1848 3046 illis
1882 2984 2277 3064 nationibuS,
2321 3002 2483 3064 quae
2530 2982 2819 3064 Augusti
2863 2993 3000 3045 tem-

539 3113 694 3176 pore
734 3092 999 3154 Romam
1040 3089 1512 3165 ·conveniebant
1554 3093 2006 3173 supplicantes,
2049 3089 2231 3152 iidem
2274 3091 2357 3151 illi
2400 3109 2611 3152 mores
2640 3093 2771 3152 siut
2800 3092 3000 3154 obser-

539 3204 696 3282 vati,
741 3219 780 3263 a
823 3200 1235 3284 Vergilioque
1279 3210 1497 3262 nostro
1543 3201 1761 3264 nescio
1804 3220 1885 3262 an
1930 3200 2057 3263 sint
2098 3199 2236 3282 ipso
2278 3199 2571 3282 spectati.

1677 3452 1741 3542 g.
1786 3457 1887 3520 53.

1538 3590 1655 3670 Bc
1689 3613 2006 3680 legatis.

710 3787 999 3872 Legatos
1043 3784 1208 3867 apud
1249 3785 1597 3847 Homerum
1643 3800 1990 3863 praecones
2037 3784 2418 3861 invenimuS,
2459 3782 2627 3863 apud
2672 3782 3000 3863 Vergilium

539 3897 954 3976 posteriorum
1011 3897 1123 3956 vix
1185 3914 1368 3957 unam
1397 3938 1416 3975 ,
1446 3876 1450 3887 ¹
1484 3901 1783 3975 quantum
1848 3893 2023 3973 scio,
2085 3891 2501 3970 mentionem,
2547 3890 2674 3967 (V,
2717 3889 2895 3964 245.)
2925 3889 3000 3948 le·

539 4017 730 4088 gatos
775 4023 929 4065 vero
977 4021 1097 4064 non
1143 4021 1282 4065 raro
1329 4001 1570 4064 obvios.
1655 4001 1848 4061 Tales
1893 4001 2154 4062 Aeneas
2201 4000 2263 4079 l,
2304 3997 2464 4061 5102

699 4142 958 4204 Anthea
1001 4141 1514 4220 Sergestumque
1534 4139 1702 4198 videt
1731 4139 2089 4218 fortemque
2134 4135 2516 4198 Cloanthum

711 4248 1215 4327 Teucrorumque
1255 4248 1415 4308 alios
1456 4290 1473 4306 .
1517 4288 1537 4307 .
1580 4294 1597 4310 .
1637 4287 1672 4331 .·
1700 4290 1717 4307 .

539 4384 587 4456 Ι,
631 4382 784 4444 518:

1449 4486 1622 4549 Nam
1666 4485 1865 4548 lecti
1900 4487 2167 4548 navibus
2204 4487 2400 4559 ibant,

706 4598 984 4662 orantes
1023 4596 1301 4674 πηίαηι,
1337 4601 1401 4654 et
1436 4596 1736 4673 templum
1778 4595 2048 4655 clamore
2082 4595 2395 4674 petebant.

539 4732 855 4814 Deinceps
896 4727 1431 4826 introgrediuntur
1473 4728 1559 4790 ad
1600 4727 1910 4790 Didonem
1952 4733 2015 4788 et
2054 4747 2268 4790 coram
2309 4730 2461 4790 data
2504 4730 2686 4806 copia
2707 4728 2909 4806 fandi,
2944 4721 2999 4779 ⁰²
