3000 5184
55 275 59 282 -
154 256 156 260 ·
225 229 287 294 18⁰
569 226 625 289 Do
654 219 917 289 sacrificandi
946 217 1112 286 ritibus.

216 412 413 493 „Obliquum
426 407 523 474 etism
544 409 690 483 cultrum,
709 407 755 469 ait
770 405 906 470 Servius
927 407 1008 468 Aen.
1028 406 1105 481 llll,
1119 402 1186 468 1⁷3
1208 403 1342 466 afronte
1366 421 1474 484 usqne

228 523 270 585 ad
297 519 432 582 mudum
451 528 526 583 ante
551 519 797 581 immolationem
818 514 934 578 ducem
955 522 1205 598 consueveranl3
1236 531 1310 576 nam
1333 512 1402 576 boc
1424 521 1475 574 est

220 629 304 713 quod
327 629 419 693 dicit:

551 710 599 771 Et
619 719 760 789 tepnpora
776 712 866 789 ferro
897 793 901 798 Ι

306 821 440 884 &aalma
461 826 573 881 notant
589 819 775 897 pecudum«
1241 886 1245 896 Ι

219 926 271 991 cf.
293 928 375 990 Stat
396 925 495 988 Theb.
520 924 581 1002 lV,
602 922 678 985 461:
706 923 856 1002 clamque
877 917 977 980 ardua
1006 918 1090 979 ferro
1121 914 1249 994 signati
1269 919 1415 1000 capitas
1440 923 1473 981 ln

216 1036 406 1118 quibusdam
426 1033 541 1115 sacris,
562 1030 730 1094 internis
751 1037 785 1090 ut
807 1029 941 1102 videtur,
961 1034 1073 1092 sactae
1095 1024 1375 1091 abscindebantur.
1399 1033 1473 1094 Ao-

217 1159 297 1205 neas
318 1143 433 1206 saltem
453 1143 668 1223 Proserpinae
690 1139 851 1218 Noctique
875 1154 969 1198 sacra
987 1135 1093 1196 terens
1118 1136 1176 1211 Vl,
1197 1136 1278 1200 2452

299 1252 347 1313 Et
364 1270 507 1313 sammua
528 1266 665 1327 carpens
684 1248 788 1307 media
808 1248 891 1304 iuter
912 1261 1032 1305 cornua
1054 1249 1164 1304 saetas

300 1360 435 1436 Ipnibua
454 1362 579 1435 inponit
597 1359 711 1431 aomo,
734 1355 882 1414 libamina
903 1357 1018 1432 prima.

161 1508 163 1513 -
217 1471 325 1551 Atque
345 1487 387 1530 ex
404 1463 518 1547 ,eodem
540 1454 627 1526 more
648 1461 795 1544 suspicor
816 1469 943 1544 poetam
966 1459 1101 1524 duxissa
1123 1461 1185 1539 lV,
1205 1461 1279 1525 69&
1300 1461 1412 1526 locum
1432 1462 1469 1524 de

218 1576 342 1639 Didone
361 1574 454 1636 murti
476 1572 649 1634 destinate:

297 1685 449 1746 Nondum
471 1683 522 1744 rur
536 1685 651 1761 flavum
673 1682 870 1761 Proserpina
889 1688 1005 1745 vertice
1023 1687 1141 1756 prinam

300 1795 490 1858 Abstulerat
509 1791 682 1872 Stypioque
702 1799 801 1871 caput
819 1796 1025 1856 damnauerat
1046 1783 1138 1858 Orco'.

218 1903 419 1986 Quamquam
449 1902 511 1966 buc
535 1903 587 1966 alii
609 1904 755 1984 exemplo
777 1903 934 1983 Euripidis
961 1905 1126 1967 Alcestide
1155 1913 1312 1990 purgant,
1341 1905 1374 1968 in
1406 1925 1466 1988 qua

216 2013 324 2076 fabula
342 2013 373 2072 in
393 2029 524 2074 menam
548 2011 652 2075 Orcus
675 2010 884 2075 inducebatur
907 2012 1043 2096 gladium
1072 2023 1218 2100 gestans,
1248 2033 1314 2096 quo
1341 2019 1463 2076 urionem

216 2122 381 2186 abscindat
401 2125 567 2202 Alcestidi,
598 2136 631 2185 et
652 2127 704 2186 sio
723 2125 860 2206 loquitur
883 2124 1045 2204 (Macrob.
1067 2125 1112 2208 V,
1135 2124 1220 2204 19.):

290 2220 372 2294 ''Hd’
392 2218 447 2296 cdv
466 2220 543 2316 χννῆ
564 2217 706 2292 κάτεισιν
727 2223 777 2306 εἰς
790 2219 893 2292 ‘iidoc
914 2216 1046 2311 δόμους.

297 2334 421 2417 Στείχω
443 2335 475 2400 δ’
495 2333 548 2402 ἐπ’
569 2326 678 2421 αὐτήν,
698 2326 744 2412 αἶς
765 2325 967 2422 κατάρξσμαι
987 2332 1088 2422 ξίφει.

300 2437 402 2535 ‘lapis
421 2436 482 2534 γάρ
501 2436 596 2522 οὗτος
617 2444 681 2510 τῶν
704 2436 789 2510 κατά
810 2436 930 2526 χθονὸς
948 2443 1050 2524 θεῶν,

291 2548 394 2620 “Onon
414 2546 482 2621 τόδ’
502 2547 594 2640 ἔγχος
613 2545 731 2641 κρατός
751 2544 874 2640 iptio
891 2549 995 2640 τρίχα.

218 2666 269 2730 cf.
289 2666 383 2732 Serv.
404 2663 445 2727 ad
469 2667 549 2729 Aen.
563 2667 620 2747 lll,
642 2665 693 2728 46.

300 2773 393 2852 Quod
414 2779 444 2837 si
466 2797 527 2837 non
546 2775 658 2838 iniuria
687 2773 803 2837 dietum
831 2776 888 2850 sit,
911 2774 995 2858 apud
1024 2775 1156 2837 Latinos
1176 2775 1263 2838 hunc
1283 2794 1408 2838 morem
1432 2774 1457 2832 in

216 2885 331 2946 talibus
348 2885 450 2946 solum
473 2883 640 2949 sacrificiis
662 2883 841 2962 exstitisse,
864 2882 1074 2947 differentiam
1097 2884 1137 2946 nb
1160 2884 1290 2945 Homeri
1314 2885 1378 2945 ritu
1403 2885 1456 2944 ba-

216 2991 374 3069 bebimus,
404 2993 467 3073 qui,
496 2990 644 3071 quamvis
672 2997 781 3051 nostro
814 3007 922 3050 anisam
940 2987 1085 3068 dederit,
1111 2988 1170 3052 0d.
1199 2992 1295 3073 xlv,
1326 2993 1402 3057 422.
1425 2989 1458 3050 de

215 3099 292 3178 (lll,
314 3098 402 3168 446.)
423 3114 516 3158 sacro
538 3117 594 3178 pro
616 3097 719 3158 salute
751 3103 785 3158 el
818 3093 920 3164 reditu
944 3095 1062 3158 Ulissis
1085 3105 1207 3159 narrat:

295 3192 389 3266 Ἀλλ’
410 3191 457 3287 ὅγ’
477 3191 704 3288 ἀπαρχόμενος
726 3197 872 3288 κεφαλῆς
892 3197 1005 3287 τρίχας
1028 3197 1062 3264 ἐν
1084 3201 1166 3288 περὶ
1184 3191 1307 3284 βάλλεν

294 3297 502 3394 ἀργιόδοντος
521 3297 587 3387 ὑός,
608 3306 663 3374 καὶ
686 3297 845 3391 ἐπεύχετο
867 3307 950 3374 πάσι
970 3312 1109 3390 θεοῖσιν,

294 3416 449 3504 νοστῆσαι
465 3409 609 3505 Ὀδυσῆα
630 3408 822 3504 πολύφρονα
844 3409 918 3482 ὅνδε
940 3408 1087 3498 δόμονδε.

213 3529 327 3595 Differt
342 3530 514 3610 quaquell.
536 3531 594 3612 lll,
614 3529 700 3612 ers,
722 3548 784 3612 quo
806 3539 916 3593 saetas
939 3549 999 3592 ulcu
1021 3531 1051 3592 in
1074 3531 1179 3614 ignem
1195 3529 1379 3613 coniiciunt,
1401 3528 1452 3594 sed

213 3637 406 3719 principibus
428 3636 630 3699 distribuunt:
724 3713 728 3718 ‚
1275 3643 1278 3646 ’

293 3736 411 3830 Ἀρνῶν
431 3739 467 3806 ἐκ
488 3742 655 3830 κεφαλέων
674 3731 777 3822 τάμνε
799 3737 920 3826 τρίχας
944 3731 1046 3825 αὐτάρ
1068 3733 1184 3804 ἔπειτα
1242 3819 1244 3827 ρ

293 3842 429 3939 κήρυκες
454 3844 574 3942 Τρώων
594 3851 648 3918 καὶ
668 3845 805 3934 Ἀχαιῶν
825 3853 937 3933 νεῖμαν
959 3843 1112 3938 άρίστσις.

292 3964 322 4024 5.
351 3966 461 4036 Porro
487 3974 584 4047 caput
605 3966 755 4026 victimae
776 3963 961 4042 feriebatur,
985 3971 1020 4022 ut
1040 3980 1140 4024 sensu
1167 3961 1278 4025 orbata
1307 3983 1449 4044 procum·

212 4075 308 4136 beret.
331 4079 364 4138 lu
387 4076 531 4138 Aeneide
553 4076 743 4157 saepissime
767 4077 895 4136 Aeneas
914 4074 1006 4134 Euae
1022 4074 1111 4154 serit,
1141 4075 1252 4146 candit,
1291 4075 1354 4136 alia
1376 4093 1449 4157 quac

210 4185 268 4244 vix
289 4195 323 4244 nt
344 4184 541 4266 explicentur
564 4203 647 4266 opus
670 4194 730 4245 est.
751 4184 807 4244 Bis
830 4191 935 4245 tamen
957 4181 1014 4261 Xl,
1041 4180 1109 4242 199.
1132 4185 1165 4241 et
1185 4180 1261 4263 ΧΠ,
1285 4180 1369 4244 213:

795 4292 867 4354 Rite
887 4297 1036 4352 sacratas

291 4402 333 4463 In
350 4403 514 4479 flammam
534 4401 682 4479 inputant
699 4401 860 4480 pecudea..

207 4505 329 4568 Notatu
350 4505 477 4588 dignius
499 4513 559 4581 est,
596 4504 678 4587 quod
715 4523 820 4586 popae
850 4501 1021 4565 victimarii
1053 4501 1175 4565 cultros
1203 4511 1442 4584 supponunt

78 4637 81 4640 ·
206 4613 266 4696 vr,
287 4612 366 4675 aas:
408 4588 410 4613 '

287 4721 483 4800 Supponunt
502 4719 559 4779 alii
577 4719 695 4779 cultros
717 4719 916 4798 tepidumque
936 4735 1082 4796 eruorem
1178 4745 1186 4764 ·

288 4828 478 4905 Suscipiunt
487 4829 616 4901 paterio.
