3000 5184
66 229 67 232 ¹
128 155 130 160 Ι
256 195 301 262 ffl
517 197 520 206 '
641 166 1122 285 ire'eiteiaeraetydes

258 378 388 464 quitiam
407 387 555 444 asserunt
576 381 631 445 teli
649 401 756 465 genus
777 401 854 447 esse
874 385 956 462 tale,
986 387 1080 467 qrrelo
1101 386 1233 468 aclydes
1253 397 1336 468 suut,
1368 407 1417 448 ex
1444 407 1479 448 ιιι

258 490 336 553 teria
358 497 453 571 quam
475 488 613 552 moxime
634 491 730 573 lerrta,
751 535 831 557 ....
852 493 979 556 amau·
999 493 1208 575 longitndine,
1231 502 1299 556 tota
1317 497 1390 557 iere
1409 497 1495 558 clav

115 691 119 700 ,
150 677 152 680 v
259 600 371 664 ferreis
390 597 527 681 illigata,
558 615 652 678 quarn
681 599 711 662 in
742 598 864 663 hostem
887 601 1064 664 iaculantes
1086 600 1227 678 lineis,
1257 583 1409 686 quibus
1436 623 1487 664 ea

260 709 558 785 adnexuerant,
589 707 835 789 reciprocam
856 710 1072 772 iaciebant
1115 710 1250 774 Cateiae
1271 719 1382 773 autern
1405 712 1484 794 ling

106 808 109 814 ’
165 833 167 836 ·
262 813 436 880 ’l'heofisca
456 812 573 874 hastae
594 811 789 893 dicuntur.]o
828 818 877 877 lta
903 816 934 878 iu
963 817 1037 880 edit
1068 817 1159 880 Lion.
1211 820 1274 881 Pro
1297 823 1437 883 cubitus
1472 824 1500 882 l·.

261 923 402 1008 gendum
421 920 545 982 videtur
567 920 674 984 cubito
696 921 721 984 S
744 925 762 983 i.
786 943 812 988 e.
835 926 932 988 seruis
955 927 1100 1008 nullaque
1120 927 1291 990 statuenda
1312 930 1449 997 lacuna,

262 1053 305 1096 cx
326 1031 437 1096 isidor.
457 1031 585 1106 xviri,
613 1031 654 1114 ⁷,
676 1031 705 1096 ⁷.
728 1039 832 1112 patet:
866 1033 1009 1113 aeteva,
1039 1035 1143 1115 qualis
1165 1011 1220 1098 tuit
1245 1039 1396 1098 Herculis
1422 1037 1491 1098 dict

216 1139 218 1143 ’
266 1136 350 1222 quod
371 1138 473 1201 clavis
494 1140 534 1200 sit
554 1137 668 1200 ferreis
688 1139 825 1202 invicem
848 1143 1002 1223 religata,
1035 1151 1067 1202 et
1096 1152 1148 1204 est
1169 1144 1273 1206 cubito
1295 1148 1401 1204 semis
1428 1145 1492 1205 fae

195 1301 198 1306 .
263 1245 294 1308 in
316 1245 519 1328 longitndine.
569 1245 662 1308 Haeo
686 1254 719 1308 et
740 1249 857 1322 careia,
891 1267 984 1330 quam
1007 1251 1175 1313 Dercetius
1197 1253 1298 1314 caiam
1321 1252 1410 1316 dicit.
1464 1255 1492 1314 lt

268 1354 350 1416 enim
371 1369 474 1436 genus
499 1350 612 1415 Gallici
634 1353 688 1414 teli
708 1371 748 1415 ex
772 1358 904 1416 materia
925 1374 1019 1436 qnam
1040 1363 1178 1420 maxime
1200 1361 1294 1440 lenta,
1319 1366 1407 1442 quae
1433 1365 1500 1425 iac

197 1547 198 1550 Ἴ
265 1459 387 1544 quidem
409 1479 472 1522 non
495 1461 590 1542 longe
612 1472 738 1542 propter
761 1465 952 1546 gravitatem
974 1466 1095 1546 evolat,
1118 1465 1189 1549 sed,
1212 1487 1272 1549 quo
1294 1472 1464 1551 pervenit,

191 1642 194 1654 1
242 1569 360 1632 ‘nimia
387 1568 562 1652 perfringit.
613 1568 705 1646 Quod
737 1571 765 1630 si
796 1571 837 1631 alr
868 1568 992 1630 ortiiice
1023 1573 1180 1646 mittatur,
1213 1594 1335 1637 rursum
1357 1580 1459 1639 veuit
1491 1606 1494 1627 ι

267 1695 350 1752 eum,
370 1679 422 1757 qul
444 1676 535 1737 misit.
586 1677 690 1738 Huius
714 1678 854 1755 meminit
878 1680 1042 1765 Vergilius
1066 1683 1195 1744 dicens:
1229 1685 1318 1746 'l'eut
1342 1705 1367 1749 r.
1392 1704 1421 1746 s.
1448 1695 1472 1747 t.

267 1783 362 1848 Unde
383 1790 416 1844 ct
437 1801 494 1844 eos
517 1783 652 1865 Hispani
682 1794 713 1845 et
741 1784 827 1848 Galli
857 1795 1002 1850 teutonas
1035 1799 1181 1851 vocante
1231 1789 1375 1879 Eundem
1403 1803 1497 1863 ,taru

269 1893 441 1976 Isidorum,
475 1901 503 1962 si
533 1901 691 1962 oculorum
713 1901 816 1962 aciem
838 1899 1032 1979 intenderis,
1064 1899 1189 1961 videbis
1211 1900 1359 1959 Servium
1385 1903 1499 1960 omnin

269 2000 424 2072 mutasse.
474 2009 611 2072 Servius
643 2013 725 2070 enim
758 2010 818 2086 ait,
851 2009 985 2070 cateiam
1009 2007 1100 2069 lineis
1122 2007 1142 2067 i.
1163 2027 1191 2068 e.
1213 2009 1291 2068 loris
1316 2007 1368 2067 vel
1391 2016 1495 2068 caten

270 2133 348 2178 esse
370 2112 545 2192 adnexam,
571 2117 614 2178 ita
644 2117 762 2196 emitti,
793 2126 889 2197 atque
914 2133 933 2176 a
954 2115 1098 2176 mittente
1117 2117 1308 2195 reciprocam
1332 2113 1424 2175 reddi
1450 2117 1471 2175 i.

271 2231 356 2286 retro
378 2222 475 2298 trahi,
511 2224 553 2286 ita
577 2233 611 2285 ut
633 2225 743 2287 eodem
766 2227 829 2288 telo
849 2225 979 2305 saepius
1002 2227 1124 2287 eminus
1146 2225 1242 2287 misso
1263 2225 1375 2287 hostes
1397 2226 1500 2285 acrit

271 2331 396 2416 possint
423 2331 591 2408 vulnerari.
642 2329 787 2392 Isidorus
818 2351 881 2393 non
911 2332 1108 2393 intellexisse
1140 2331 1267 2393 videtur
1297 2331 1398 2393 lineas
1434 2333 1500 2392 ἱΙΙιι.

271 2442 458 2525 putavitque
479 2460 497 2500 e
518 2458 609 2501 manu
633 2439 758 2502 omnino
782 2441 861 2502 mitti
882 2440 941 2502 hcc
961 2442 1056 2501 telum
1073 2439 1243 2513 artificioso
1259 2440 1396 2523 quodam
1416 2441 1487 2500 iact

272 2551 319 2612 ita
350 2557 396 2638 ut
418 2567 477 2610 suo
510 2549 610 2629 ipsius
637 2549 778 2630 pondere
805 2567 927 2630 suaque
954 2551 1055 2611 torma
1087 2550 1163 2610 miro
1195 2549 1331 2629 quodam
1353 2534 1486 2610 momen

272 2675 384 2721 rursus
413 2675 468 2738 per
495 2675 600 2717 aerem
630 2667 796 2718 revertens
824 2657 1017 2723 revolvatur.
1066 2659 1145 2720 'l'ale
1170 2657 1263 2719 lrcdie
1295 2659 1487 2718 Australoru

275 2767 477 2850 Boornerang
498 2768 550 2828 vel
573 2765 665 2828 Kilee
687 2767 878 2847 describunt.
917 2768 1052 2831 Rectius
1082 2767 1213 2847 Papias:
1249 2763 1385 2840 „Cateia
1408 2765 1498 2846 liugn

277 2877 449 2940 Persarum
470 2882 520 2935 est
540 2875 659 2958 sagitta
681 2877 842 2939 barbulata
865 2877 935 2938 sive
958 2875 1063 2955 hasta,
1086 2893 1149 2955 qua
1171 2872 1318 2934 utebatur
1332 2873 1497 2934 Hercules

172 2979 175 2986 ’
277 2994 346 3046 erat
364 2983 534 3045 enimcum
557 2983 661 3062 ligulis
676 2967 868 3063 catenarum
891 2994 935 3066 ct,
951 2981 1076 3065 quando
1097 3002 1167 3044 eam
1187 2979 1378 3062 proiicielrot,
1404 2981 1500 3039 itero

278 3109 351 3154 oum
373 3088 521 3152 catenula
544 3089 751 3155 retrahebat.“
775 3089 868 3169 Quod
881 3090 1051 3153 Herculem
1077 3107 1221 3151 causum
1237 3105 1313 3148 esse
1335 3086 1491 3147 contendi

279 3184 320 3262 ne
341 3195 462 3260 mireris
484 3196 514 3257 in
535 3195 589 3256 tali
610 3205 761 3276 auctore;
784 3196 993 3258 Teutonicum
1014 3199 1095 3258 euim
1119 3197 1208 3257 ritum
1231 3193 1441 3274 etVergilius
1457 3191 1497 3253 ad

280 3313 422 3387 severat,
444 3321 483 3368 ac
504 3303 628 3368 Gallum
652 3303 809 3388 videmos,
839 3308 870 3368 ni
892 3305 1036 3385 fallimur,
1072 3305 1184 3367 eodem
1213 3305 1276 3366 telo
1309 3303 1498 3364 armatumi

278 3413 332 3476 illa
354 3411 394 3474 de
415 3411 546 3473 Valerio
568 3410 709 3475 Corvino
732 3410 815 3492 apud
838 3410 973 3475 Gellium
991 3413 1049 3485 tx,
1063 3411 1110 3472 ll.
1129 3412 1323 3472 narrationes
1347 3412 1444 3484 3,an
1467 3413 1497 3471 in

281 3529 370 3585 terea
392 3517 568 3599 Gallorum,
590 3532 685 3582 vasta
707 3531 737 3580 et
761 3521 858 3583 ardua
881 3521 1069 3602 proceritate
1090 3520 1246 3599 armisque
1268 3537 1344 3578 auro
1365 3517 1491 3597 praeful

281 3628 426 3714 gentibus
456 3625 587 3708 grandia
619 3627 801 3710 ingrediens
836 3636 869 3689 ct
897 3647 990 3690 manu
1016 3629 1112 3688 telum
1135 3627 1401 3707 reciprocans
1423 3627 1497 3687 irrce

282 3731 414 3801 debat.“
436 3734 516 3812 Quid
539 3734 620 3796 enim
643 3735 724 3798 aliud
747 3737 953 3816 reciprocare,
974 3754 1066 3816 quom
1090 3736 1194 3796 Servii
1218 3734 1291 3795 illud
1319 3736 1483 3813 reciproco

283 3835 418 3907 lacere?
441 3844 474 3904 ln
497 3843 546 3904 illo
559 3843 748 3908 dissentiunt
763 3844 854 3907 medii
866 3851 936 3905 aevi
952 3844 1134 3924 scriptores,
1149 3842 1233 3923 quod
1250 3842 1301 3904 alii
1319 3853 1350 3902 nt
1364 3841 1496 3904 isidoru

285 3949 444 4014 Aeliricns
463 3951 579 4030 (gloss.
600 3968 728 4018 saxon..
753 3953 870 4031 „clava
891 3954 942 4014 vel
967 3953 1069 4014 eateia
1092 3951 1142 4010 vel
1165 3945 1497 4031 teutona“),Nicolau

289 4055 445 4136 Spectata
467 4055 525 4132 (de
546 4057 610 4120 reb.
635 4057 731 4122 Sicul.
757 4059 831 4138 l'll,
853 4059 889 4119 5:
911 4059 998 4141 „Hic
1020 4076 1098 4119 vero
1122 4057 1245 4119 clavam
1267 4064 1385 4138 rotans,
1421 4074 1497 4138 qua

288 4165 362 4250 galli
383 4171 528 4245 cateyam
550 4161 706 4233 vocarrt“)
729 4165 899 4244 clavam,
920 4165 973 4227 alii
996 4165 1167 4244 utl’apias,
1182 4172 1279 4244 poeta
1299 4164 1390 4226 Abho
1403 4167 1439 4238 (c
1484 4192 1497 4219 o

289 4277 329 4338 rie
349 4275 432 4340 balio
466 4272 563 4338 Paris,
583 4273 722 4356 glossar.
757 4273 885 4337 dardum
906 4273 1060 4355 explicat)
1089 4280 1183 4354 atque
1211 4273 1280 4353 ipse
1312 4274 1495 4336 Donatusa

289 4382 465 4468 Vergilium
501 4384 690 4462 [„01autque
716 4382 829 4444 nosue
860 4390 998 4466 anguste
1012 4391 1053 4444 et
1073 4379 1163 4442 brevi
1185 4379 1314 4454 ferro.“)
1356 4378 1496 4440 hasta

290 4498 392 4564 tuisse
414 4486 615 4554 contendunt.

373 4625 469 4692 Oscis
490 4622 622 4702 altisque
642 4623 766 4706 populis
773 4625 896 4688 'italicis
907 4623 1072 4704 Vergilius
1089 4621 1208 4701 sirtille,¹
1218 4627 1254 4682 nt
1262 4617 1404 4696 videtur,
1418 4618 1496 4679 telo

292 4733 493 4818 tributavit,
513 4728 595 4796 tte:
631 4742 634 4747 ·
