3000 5184
522 216 577 276 De
598 213 819 274 conviviis.
1224 209 1289 274 ’ὅθ

50 399 268 473 observatum,
301 417 342 460 ne
369 397 597 460 lectisternium
630 396 714 457 tiata
765 393 832 459 Sed
863 395 903 456 ed
931 395 1083 458 convivia
1100 392 1292 456 ‘redeamus

51 507 224 585 Postquam
246 523 356 566 omnes
380 506 457 565 loris
478 504 712 586 discubuerunt,
734 505 760 584 l,
782 503 861 566 701:

130 616 222 677 Dant
237 615 357 696 famuli
375 617 526 676 madeas
540 616 700 693 maana,
725 613 933 692 Cereremque
953 615 1104 674 eaur'elrr‘s

132 726 330 802 Ecpediaat,
352 731 514 804 tonusque
528 727 643 806 ferunt
660 724 810 784 mantelia
832 723 925 782 uillis.

51 833 205 895 Mannum
233 840 308 894 ante
338 851 470 894 coenam
498 831 617 895 lavatio
641 835 712 894 sine
741 833 834 894 dubio
860 841 892 893 et
921 813 1057 896 Graecis
1086 843 1118 895 et
1139 835 1294 899 Romanis

51 942 226 1004 eommunis
252 950 443 1004 memoratur
470 946 567 1004 etiam
595 943 758 1004 unacum
778 943 966 1006 mantelibus
989 945 1020 1005 in
1042 943 1096 1007 illo
1117 943 1200 1026 apud
1223 943 1294 1026 Cy·

52 1069 150 1112 renen
172 1050 322 1112 convivio
342 1048 464 1130 Georg.
486 1049 643 1127 1v‚are:

255 1159 408 1220 Mearm
430 1159 566 1240 lr'rpur'dar
585 1163 666 1220 daut
683 1162 793 1221 ordirte
807 1161 909 1242 fortiis

135 1264 318 1328 Germanae
338 1270 500 1346 toasieaue
517 1271 631 1350 ferant
650 1269 801 1329 mantelia
822 1270 916 1330 uillis.

53 1372 104 1434 De
127 1374 313 1436 mantelibus
336 1374 470 1436 Servius
492 1372 532 1436 ad
550 1375 637 1436 illum
660 1376 782 1439 locum:
815 1375 902 1437 »Vel
918 1375 1057 1458 minutis,
1085 1373 1140 1438 vel
1160 1395 1295 1458 compo-

54 1485 147 1567 sitis3
181 1490 308 1545 constat
342 1481 444 1561 euim,
476 1482 614 1544 maiores
641 1499 774 1573 mappas
803 1481 953 1542 habuisse
972 1481 1123 1558 villosas,
1147 1483 1297 1547 mantelia

54 1613 134 1662 vero
156 1611 176 1654 a
198 1592 346 1653 manibus
367 1599 442 1652 ante
459 1587 566 1652 lotis.“
612 1590 717 1652 Varro
746 1590 784 1652 Il·
807 1590 845 1654 la
865 1590 924 1653 v1.
944 1595 978 1664 §e
992 1590 1050 1652 85:
1081 1593 1297 1671 ”Meneclium

54 1704 107 1765 ubi
130 1719 243 1763 manus
264 1705 458 1783 terguntura
502 1697 652 1762 Cererem
674 1697 786 1760 deinde
814 1703 835 1761 i.
857 1719 887 1762 e.
906 1717 1023 1780 panem
1048 1702 1195 1763 canistris
1223 1700 1292 1764 dis-

55 1811 207 1872 tribuunt.
255 1808 304 1867 lta
335 1803 376 1867 ad
406 1805 567 1884 simplices
587 1822 711 1885 quoque
733 1804 845 1885 epulas
868 1803 1009 1866 inlitora
1032 1805 1293 1890 Carthaginiensi

55 1920 81 1994 l,
110 1915 178 1979 174.
201 1914 330 1996 primum
354 1913 511 1974 flammam
533 1931 551 1974 e
571 1914 662 1974 silice
681 1913 839 1974 excitant:

141 2023 192 2084 Aa
213 2021 301 2082 silici
318 2022 553 2081 scintillam
574 2024 704 2084 excudit
722 2022 866 2084 Aeaalea
927 2004 929 2012 Ι

143 2131 357 2206 Sarapiacae
376 2132 481 2205 iyaem
499 2131 622 2208 soliis
642 2132 745 2210 adque
766 2134 856 2193 arida
877 2139 993 2195 ciream

141 2241 347 2302 Natrimeata
369 2236 456 2295 dedit
474 2241 643 2315 rapuitque
663 2244 698 2297 r'a
713 2240 826 2317 fomite
840 2243 1012 2318 flammam.

58 2350 183 2432 Georg.
206 2350 229 2418 l,
256 2346 328 2409 135:

146 2459 192 2521 la
210 2459 310 2517 silicie
329 2459 418 2516 nenia
440 2455 622 2516 adrtnaum
642 2454 814 2514 wocara
831 2459 945 2530 ipaera.

58 2590 147 2675 quod
167 2589 271 2652 Plinio
293 2589 337 2650 N.
358 2588 400 2648 Η.
422 2585 584 2665 XXXVI,
604 2581 656 2645 30.
679 2584 871 2665 explicatur:
904 2587 1100 2668 rPyritarum
1131 2593 1300 2659 etiamnum

58 2701 159 2782 aliqui
180 2715 283 2781 genus
303 2715 398 2757 uuum
421 2694 541 2754 faciunt
562 2692 725 2772 plurimum
746 2691 868 2754 habens
889 2695 988 2777 ignis,
1021 2717 1101 2779 quos
1123 2701 1219 2763 vivos
1241 2722 1301 2785 sp.
1434 2739 1439 2748 .

57 2810 219 2893 pellamus
254 2811 286 2865 et
318 2801 575 2884 ponderosissimi
618 2808 701 2861 sunt.
756 2799 804 2862 ,Hi
838 2806 1090 2883 exploratoribus
1127 2825 1301 2877 castrorum

58 2918 199 2983 maxime
220 2913 404 2987 necessarii,
425 2910 477 2992 qui
499 2912 591 2972 clavo
608 2910 661 2970 vel
680 2910 779 2975 altero
802 2911 906 2992 lapide
928 2918 1070 2994 percussi
1091 2921 1302 2987 scintillas

59 3027 180 3104 edunt,
197 3041 278 3104 quac
310 3029 467 3100 exceptae
498 3019 650 3099 sulphure
674 3028 729 3080 aut
749 3019 856 3104 fungis
882 3023 978 3086 aridis
1006 3025 1061 3088 vel
1084 3028 1197 3093 loliis
1218 3033 1303 3098 dicto

59 3133 199 3199 celerius
219 3133 327 3211 iguem
350 3127 504 3188 trahente
549 3129 576 3207 l,
601 3125 677 3188 1⁷⁷:

149 3269 227 3331 liam
250 3265 395 3327 Cererem
418 3267 598 3337 corruptam
619 3261 715 3319 uadis
734 3259 940 3342 Cerealiaque
959 3285 1049 3326 armo

148 3375 341 3451 Eapediaat
358 3372 442 3450 sessi
461 3386 577 3436 reram,
597 3368 774 3445 saepesque
794 3375 938 3445 receptae

146 3488 194 3548 ΕΙ
214 3492 333 3544 torrere
350 3483 471 3557 pararet
486 3479 628 3556 flammis
650 3481 682 3533 el
698 3476 852 3552 fraaaere
872 3496 965 3538 eaao.

61 3624 160 3702 Quae
180 3618 209 3678 si
236 3614 414 3678 accuratius
438 3608 707 3689 consideraveris,
729 3627 846 3671 morem
868 3610 1082 3678 Romanorum
1103 3634 1216 3698 panem
1238 3639 1302 3701 pa-

60 3728 154 3794 randi
185 3724 285 3786 habes
315 3721 365 3783 his
387 3720 543 3780 uersibus
570 3718 755 3783 subiectum.
812 3719 862 3780 Ad
894 3739 986 3800 quem
1023 3723 1167 3788 Cerealia
1200 3749 1303 3812 arma,

62 3837 196 3900 molaria
215 3832 323 3908 (vill,
347 3828 437 3901 250.)
458 3827 655 3909 praesertim,
675 3829 842 3910 pertiuent.
879 3832 927 3892 lta
947 3832 977 3893 in
998 3834 1135 3918 Morem,
1158 3844 1305 3920 carmine,

62 3945 301 4018 amoenissimo,
321 3941 370 4004 23.
390 3939 533 4022 Simulus
554 3939 595 4001 ad
616 3939 748 4002 eandem
770 3960 915 4021 operam:

147 4072 332 4136 Praeverrit
354 4069 456 4127 cauda
477 4067 585 4126 silicea
601 4069 825 4144 persicumque
844 4067 1035 4129 molarem
1057 4101 1098 4116 -·
1118 4101 1159 4116 -

147 4180 240 4242 Haeo
261 4183 346 4238 rotat
362 4177 505 4236 adsiduis
523 4178 615 4252 pyris
636 4181 669 4234 et
688 4181 830 4236 eoncitat
848 4179 970 4238 erdem:

155 4287 263 4349 Tarm
283 4287 382 4349 Cerea
402 4285 513 4363 rapido
532 4283 659 4344 silicara
680 4284 820 4345 deaurari
839 4286 877 4344 all
897 4289 971 4347 iem.

65 4412 203 4477 Molaria
219 4411 339 4470 maiora
360 4405 520 4486 Pompeiis
541 4403 669 4488 detecta
688 4413 762 4468 suut
783 4408 827 4467 ita
848 4417 1041 4488 comparata,
1061 4423 1096 4476 ut
1106 4413 1223 4499 duplex
1244 4439 1303 4482 ee·

65 4539 132 4584 vus
160 4521 336 4596 imponatur
365 4513 499 4593 simplici
531 4511 633 4574 solido
660 4511 765 4594 lapidi.
814 4514 965 4578 Triticum
996 4515 1133 4602 desuper
1164 4525 1303 4592 inlusum

65 4627 216 4693 interiore
248 4621 468 4702 exterioreque
497 4636 578 4682 saxo
605 4627 710 4682 rotato
740 4619 906 4704 frangitur.
954 4620 1039 4688 Vide
1061 4626 1145 4694 Mus.
1168 4632 1304 4698 nomon,

68 4738 145 4804 Vol·
167 4734 209 4797 V·
250 4730 329 4792 Ν).
352 4725 403 4794 4οι
444 4725 495 4793 cf.
521 4726 717 4792 Monumeuli
741 4727 849 4794 inediti
873 4729 936 4794 dell
955 4731 1098 4798 instituto
1120 4738 1302 4828 archeolog.

996 4847 1074 4912 1⁷*
