3000 5184
291 173 350 237 irc
787 173 841 234 lle
860 171 1037 234 foedere.
1137 136 1140 145 .

287 359 368 420 Belli
389 365 497 439 portas
519 357 594 440 vir,
614 356 693 420 600:

369 467 532 529 Oculum
552 469 640 524 nerei
658 463 814 525 claudunt
831 469 942 524 vectes.

284 573 420 639 Pulcher
440 571 623 634 Aventinus
646 569 737 650 clipei
760 570 887 649 insigne·
904 571 980 651 Vll,
1000 569 1080 632 aasz

367 683 536 744 centum
556 682 673 755 unquis
695 683 896 758 cinctamque
913 684 999 755 perit
1017 679 1215 757 serpentibus
1239 679 1395 758 Hydram.

284 792 346 867 eui,
366 799 399 852 nt
419 789 480 850 iam
502 786 554 848 alii
575 785 878 866 animadverterunt,
902 787 959 863 Vl,
982 787 1052 848 576.
1072 786 1375 869 quinquaginta
1396 790 1482 845 tantu

282 900 390 962 hiatus
410 896 476 974 dat,
500 915 600 974 equo
622 897 771 976 exemplo
793 905 907 975 poetae
934 897 964 956 in
994 894 1055 958 hoc
1085 913 1216 956 nurnero
1244 891 1429 973 usurpando
1452 911 1494 950 mr

282 1007 399 1087 optime
419 1003 617 1086 perspicitur.
659 1003 767 1066 Ceteri
799 1003 858 1064 loci
885 1011 917 1064 nt
945 1003 988 1082 ΙΙ,
1024 1002 1106 1064 501:
1133 997 1275 1063 'centum
1297 1022 1402 1063 nurus
1440 1020 1497 1082 apu

281 1113 457 1190 Hecubam,
477 1113 533 1196 ΙΙΙ,
561 1113 627 1175 106.
650 1120 775 1174 curium
796 1113 890 1172 uriae
914 1109 1045 1190 Cretae,
1062 1111 1102 1183 X,
1118 1110 1189 1173 565.
1221 1117 1345 1172 centum
1367 1111 1497 1172 hracclrr

280 1223 464 1305 Aegaeonis
485 1220 666 1283 historicam
688 1222 740 1280 vel
762 1220 1007 1302 mythologicarn
1031 1207 1198 1281 veritatem
1221 1219 1357 1301 lrabeut3
1381 1218 1495 1296 deuiqu

279 1329 338 1403 lX,
362 1328 428 1390 162.
450 1326 575 1389 centeni
596 1326 722 1406 milites,
745 1335 777 1387 et
801 1327 873 1401 Vll,
896 1326 968 1388 170.
990 1334 1114 1386 centum
1137 1326 1315 1405 columnae,
1329 1332 1364 1384 nt
1387 1326 1450 1386 iarn
1467 1325 1497 1382 vi

281 1435 394 1514 dimus,
417 1453 477 1496 uon
498 1438 569 1496 sine
590 1434 709 1495 ratione
733 1452 753 1494 a
773 1442 869 1514 poeta
890 1440 1056 1513 ponuntur.

834 1678 867 1767 p.
889 1683 941 1746 rr.

766 1839 824 1892 ne
841 1837 1022 1895 taedere.

312 1991 315 1998 ’
363 2003 524 2082 Quantum
551 2008 712 2068 Homerus
742 2005 907 2068 dissentiat
933 2020 1069 2089 aposta
1090 2007 1254 2089 Romano,
1283 2009 1480 2088 potissimum

279 2113 418 2180 foederis
448 2115 508 2176 ritu
537 2115 650 2196 liquet,
679 2117 809 2197 quippe,
845 2120 914 2197 qui,
951 2116 1097 2198 quamvis
1121 2125 1214 2178 vates
1237 2114 1387 2180 Graecus
1408 2137 1491 2180 ansa

278 2228 374 2305 atque
412 2223 512 2283 obiter
556 2231 588 2284 et
633 2223 724 2303 quasi
770 2241 826 2304 por
858 2233 1057 2284 transennam
1093 2225 1272 2304 respicienti
1304 2225 1375 2286 eins
1411 2246 1497 2288 exer·

278 2333 346 2412 plar
377 2328 508 2392 dedisse
537 2328 703 2408 videatur,
730 2338 799 2391 toto
827 2332 916 2390 caelo
947 2330 986 2391 ab
1016 2331 1216 2394 Achaeorum
1248 2335 1499 2418 'l'roianorumqu

278 2458 366 2500 more
386 2436 493 2500 distet.
523 2437 632 2500 Verba
652 2437 703 2498 illa
718 2436 881 2498 sollemnia
899 2439 1015 2517 foedus
1033 2459 1217 2516 componere
1235 2441 1281 2521 Χ,
1304 2439 1365 2524 15,
1391 2445 1460 2522 soe

279 2550 409 2622 insipere
429 2544 505 2624 Vll,
526 2543 609 2625 546„
629 2547 729 2623 ferire
750 2545 804 2626 Χ,
829 2543 894 2605 154.
898 2589 911 2618 ,
934 2548 1018 2605 coire
1038 2549 1073 2604 iu
1090 2549 1221 2624 foedera
1242 2547 1307 2621 Xl,
1343 2549 1427 2629 292,
1448 2554 1500 2630 so

281 2656 368 2714 deria
390 2675 508 2733 aequus
531 2654 615 2728 lepus
636 2653 740 2713 dicere
763 2652 822 2732 ΙΙΙ,
842 2650 926 2731 391,
949 2656 1113 2729 concipere
1132 2652 1206 2733 xli,
1231 2653 1277 2715 13.
1302 2654 1388 2728 158..
1410 2655 1498 2718 dein

278 2768 429 2823 excutere
450 2761 523 2841 ΧΙΙ,
548 2759 626 2842 158,
651 2763 846 2840 confundere
863 2761 942 2832 Xll,
966 2761 1055 2842 290„
1078 2761 1414 2840 turicremam,
1438 2764 1453 2824 i

280 2871 360 2948 Xll,
380 2870 469 2944 695„
496 2869 616 2929 acione
637 2868 689 2946 X,
718 2867 772 2931 ¹91.
794 2876 855 2931 cet.
877 2878 976 2952 tango
998 2878 1118 2931 tantum
1141 2879 1176 2931 ut
1198 2876 1363 2934 notissima
1387 2881 1484 2954 atque

279 2978 436 3056 scriptore
454 2994 642 3056 unoquoque
663 2974 778 3056 oppido
800 2977 961 3038 firmando.
1005 2978 1100 3039 Ritus
1119 2982 1182 3058 ipsi
1204 2998 1263 3041 nos
1280 2991 1407 3041 vocant.
1436 2981 1495 3042 Es

281 3093 386 3145 autern
410 3101 427 3142 e
447 3082 540 3142 [rivio
561 3084 721 3160 xxxiv,
749 3086 798 3146 57.
828 3088 950 3146 scimus
973 3087 1033 3149 tria
1060 3106 1181 3170 genera
1210 3088 1394 3168 foederum,
1424 3091 1500 3150 uhu

282 3208 376 3271 quum
407 3191 488 3252 bello
518 3192 646 3253 victis
676 3193 853 3255 dicerentur
878 3195 988 3278 leges,
1024 3197 1156 3256 alterurn
1185 3214 1277 3291 quum
1314 3215 1410 3278 pares
1442 3197 1493 3259 bel

281 3319 406 3379 aequo
429 3297 594 3361 foedere
615 3300 645 3360 in
667 3319 779 3380 pacem
800 3312 895 3384 atque
919 3303 1088 3363 amicitiam
1110 3303 1274 3383 venirent,
1297 3305 1422 3364 tertium
1448 3324 1500 3366 *es

186 3453 187 3456 ,
281 3425 401 3490 genus,
434 3425 545 3489 quum,
573 3406 623 3487 qui
653 3406 765 3468 hostes
786 3425 944 3488 uunquam
971 3407 1093 3484 luerint,
1114 3407 1153 3469 ad
1175 3410 1343 3471 amicitiam
1373 3413 1491 3474 socia

283 3519 453 3582 foedere
475 3517 553 3578 inter
575 3516 821 3599 seiungendum
844 3525 967 3578 coeant.
1012 3516 1134 3594 Quodsi
1156 3537 1196 3578 ex
1219 3516 1280 3579 hac
1303 3517 1495 3582 distributio

286 3626 399 3687 foedus
435 3627 463 3686 in
488 3625 638 3686 Aeneidis
659 3624 731 3690 ΧΙΙ,
753 3634 965 3705 perpetratum
989 3625 1239 3704 consideramus,
1262 3625 1394 3687 secundi
1418 3647 1500 3712 gen

285 3737 330 3795 ris
351 3750 426 3793 esse
446 3731 573 3812 patebit.
617 3732 652 3792 ln
672 3733 741 3813 ipso
764 3731 971 3810 concipiendo
993 3731 1123 3811 primurn
1156 3732 1418 3819 notandorum,
1453 3757 1497 3798 ar

286 3839 539 3918 gramineas,
565 3855 695 3918 quarum
716 3837 802 3917 apud
832 3836 1003 3896 tremerem
1025 3856 1068 3897 ne
1090 3837 1248 3898 iniuriarum
1272 3841 1365 3920 quide
1420 3857 1493 3908 vest

287 3949 373 4030 giurn
394 3953 511 4024 exstat,
533 3945 617 4027 apud
639 3946 815 4028 Vergilium
837 3950 1086 4010 commemorari.
1130 3947 1179 4012 Cf.
1202 3951 1283 4033 Xll,
1310 3953 1383 4015 troz

371 4055 523 4132 Campum
543 4058 587 4116 ud
604 4062 765 4116 certamen
786 4075 921 4133 mayaco
940 4056 999 4118 sub
1020 4059 1182 4118 inconibus
1201 4062 1290 4120 urica

372 4167 518 4230 nimum
537 4160 710 4239 Rutulique
729 4164 792 4221 viri
815 4163 988 4242 Teucrique
1005 4165 1179 4238 uaruicum

230 4315 243 4334 2
371 4275 414 4337 ln
434 4274 593 4351 medioque
610 4272 698 4349 locos
719 4277 752 4330 et
770 4272 820 4331 dia
843 4271 1051 4331 mummius
1072 4273 1168 4330 urus

373 4375 620 4441 Gramineus.
1131 4378 1135 4384 “

291 4493 358 4553 Iam
379 4489 527 4554 Servius:
548 4488 710 4568 „Romani
730 4487 812 4548 enirn
832 4485 930 4547 moris
950 4485 1068 4562 iuerat,
1092 4486 1246 4567 cespitem
1269 4506 1345 4551 arae
1364 4494 1499 4574 snperim

292 4617 416 4680 ponere,
442 4596 536 4656 etita
557 4593 746 4656 sacrificare.
789 4591 978 4656 Gramineus
1001 4604 1109 4656 autern
1129 4596 1214 4672 ideo,
1234 4599 1307 4676 quia
1328 4610 1360 4660 et
1381 4603 1421 4662 de
1444 4603 1489 4664 boi

293 4723 344 4770 ras
366 4708 478 4787 agitur,
503 4711 535 4764 at
555 4703 650 4762 Marti
668 4702 872 4782 sacrificatur,
895 4703 943 4763 cui
963 4721 1093 4782 maman
1114 4715 1163 4766 est
1185 4715 1416 4789 consecratum,
1439 4729 1498 4791 quo
