3000 5184
211 235 258 298 dt
508 231 565 297 lle
586 233 760 292 liranum
781 226 1169 290 exercitationibus.

217 427 270 481 est
291 433 418 498 semper
438 419 554 476 exacto
573 443 616 458 -
635 417 789 492 tantaque
808 427 884 472 cura
904 416 990 481 erat,
1022 416 1057 471 ut
1077 425 1140 470 non
1160 406 1265 469 solum
1284 421 1308 467 a
1330 403 1457 466 dextris
1488 398 1489 477 J

216 530 397 594 sedetiam
427 546 446 590 a
478 525 612 588 sinistris
639 523 782 606 partibus
813 530 849 584 et
875 519 997 582 insilire
1020 526 1055 580 et
1076 515 1201 580 desilire
1220 513 1457 593 condiscerent,
1488 552 1489 593 ᾗ

197 638 408 720 ‚evaginatos
431 636 526 698 etiam
546 631 668 717 gladios
685 633 740 694 vel
763 639 877 707 contos
903 637 1059 694 tenentes.
1109 628 1181 689 Hoc
1208 625 1291 688 cuim
1321 623 1459 687 adsidua

218 741 422 806 meditatione
456 729 632 817 faciebant,
665 738 790 802 scilicet
823 744 859 799 ut
883 736 916 797 in
946 737 1080 796 tumultu
1119 732 1230 814 proelii
1264 734 1338 793 siue
1371 749 1459 792 mora
1488 790 1489 817 3

217 847 456 918 ascenderent.“
493 847 527 910 N
529 867 568 910 on
581 865 654 910 raro
670 863 749 907 vero
764 843 884 905 famum
900 849 962 916 est,
982 847 1017 901 ut
1036 841 1069 901 iu
1088 839 1157 919 ipso
1178 837 1299 918 proelio
1322 836 1459 917 equites,
1488 832 1489 835 ’

216 959 273 1022 ubi
294 961 364 1022 loco
390 975 514 1039 aspera,
545 954 696 1036 impedita
718 959 839 1032 essent,
866 951 909 1014 de
931 949 1023 1031 cquis
1043 948 1205 1010 desilirent
1225 945 1457 1026 victoriamque

215 1073 421 1148 reportarent.
470 1063 542 1144 Qua
566 1063 728 1127 derauso
748 1080 770 1125 a
789 1059 933 1142 Vergilio
954 1059 1004 1142 X,
1036 1056 1110 1121 ddi
1131 1053 1286 1119 nominari
1306 1052 1457 1116 videmos
1488 1048 1489 1111 l

216 1174 378 1260 fugientes

298 1286 456 1358 Arcadas,
478 1287 620 1345 insuetos
639 1286 725 1344 acies
744 1284 866 1362 s‘rrserre
880 1280 1040 1358 pedestris
1059 1310 1100 1322 -
1488 1288 1489 1293 ’

296 1394 424 1474 Aspera
444 1397 516 1474 quis
537 1400 654 1456 recturo
674 1393 737 1452 tuci
755 1393 910 1452 dimittere
929 1388 1055 1467 quando

297 1501 412 1566 Suasit
429 1521 534 1582 equos.

216 1609 321 1675 Latini
343 1615 454 1673 contra
474 1608 547 1688 ΧΠ,
569 1606 651 1670 288ε

605 1715 746 1794 Corpora
764 1713 854 1776 satta

299 1825 465 1888 Sudieiacl
483 1829 518 1885 irs
538 1843 644 1905 equos.
743 1901 746 1904 Ι
784 1856 792 1872 x

217 1958 352 2022 Camilla
376 1973 550 2019 varocum
571 1955 701 2017 Volscis
722 1953 808 2016 omni
835 1959 905 2014 arte
934 1949 1074 2034 equestri
1101 1950 1234 2033 probata
1260 1951 1369 2012 Turno
1395 1947 1450 2021 xi,

216 2068 299 2132 5002

298 2178 454 2258 Occurrit,
471 2179 633 2255 portisque
654 2175 692 2234 ot
713 2192 792 2253 equo
811 2175 924 2248 recino
945 2173 1003 2233 aud
1023 2174 1104 2249 ipris

299 2283 448 2364 Desiluit,
472 2301 567 2363 quum
588 2287 652 2341 toto
671 2279 786 2340 cohors
805 2281 928 2339 imitata
947 2279 1065 2338 relictis

298 2389 354 2452 Ad
371 2398 488 2452 terrum
508 2377 646 2470 defluxit
664 2392 765 2470 equis.

215 2523 338 2588 Postea
356 2539 484 2604 qnoque
503 2523 564 2605 XI,
586 2521 657 2584 ⁷10.
679 2527 790 2584 contra
810 2519 906 2583 fllium
927 2519 1014 2581 Auni
1033 2537 1181 2602 pugnans

301 2634 412 2696 madir
428 2651 518 2694 ecum
539 2633 651 2714 comiti,
672 2633 866 2710 paribusque
887 2631 1011 2690 resistit
1029 2631 1065 2688 irt
1086 2631 1187 2688 omnir

227 2763 229 2768 ’
296 2743 388 2804 Ense
404 2743 502 2820 pedes
521 2741 616 2802 nudo.

215 2875 265 2939 lta
285 2893 379 2956 porro
402 2873 450 2956 X,
470 2871 549 2936 453:
1077 2871 1083 2886 '

295 2986 437 3050 Desiluit
460 2981 590 3042 Turnus
610 2982 743 3058 diiuyir,
761 2981 859 3060 pedes
879 2988 1016 3062 apparot
1032 2985 1081 3043 ire
1488 3026 1489 3067 q

297 3094 492 3172 Comminus?
912 3098 915 3104 “
1130 3121 1132 3125 -
1220 3171 1231 3178 .
1488 3080 1489 3171 l

215 3229 288 3318 ΧΠ,
308 3223 388 3288 355:
1488 3180 1489 3253 l

229 3395 231 3400 ,
294 3353 393 3418 Sistit
409 3368 507 3432 equor
528 3319 663 3432 wyte,
684 3356 717 3412 et
734 3370 835 3413 carra
853 3349 970 3413 deerlit.

215 3488 335 3552 Verum
356 3485 438 3549 haec
462 3486 639 3567 posteriora
669 3484 709 3548 ad
737 3487 829 3549 aliam
859 3501 963 3566 paene
989 3482 1130 3564 speciem
1154 3482 1320 3564 pertinent
1374 3484 1444 3546 nior
1488 3486 1489 3569 l

213 3595 266 3662 itis
290 3595 322 3658 in
349 3593 433 3677 ipso,¹
449 3593 568 3676 proelio
594 3591 635 3656 de
655 3598 747 3675 equis
769 3591 934 3657 desiliendi
953 3589 1158 3673 peditumque
1178 3608 1267 3655 mcrc
1289 3590 1446 3676 pugnandi
1488 3614 1489 3667 j

213 3705 246 3768 iu
265 3704 395 3767 historia
414 3701 558 3767 Romans
579 3723 641 3765 non
662 3722 733 3767 raro
754 3703 868 3765 obvius
890 3708 952 3765 est.
1000 3699 1050 3763 cf.
1079 3701 1153 3762 inv.
1171 3689 1221 3783 11,
1251 3699 1312 3762 20:
1343 3701 1443 3780 „Tum
1488 3684 1489 3765 ἶ

214 3810 256 3875 ad
278 3810 401 3895 equites
422 3809 557 3873 dictator
577 3809 705 3874 advolat
726 3810 907 3885 obtestans,
937 3815 972 3870 ut
991 3807 1080 3872 fesso
1100 3807 1164 3869 iam
1183 3804 1290 3888 pedite
1310 3804 1444 3868 descen-

214 3919 290 3981 dant
311 3940 353 3982 ex
372 3923 463 4000 equis
484 3913 675 4004 ct‘pugnam
697 3928 875 4000 capessant
924 3919 1017 3982 Dicto
1046 3935 1199 4000 paruere,
1228 3917 1399 3997 provolant
1415 3916 1444 3974 is
1488 3878 1489 3959 l

214 4030 349 4108 primum
369 4037 402 4092 et
423 4045 480 4110 pro
500 4029 715 4113 antesignanis
735 4047 862 4110 parmas
891 4010 1065 4091 obiciunt“
1106 4028 1173 4108 lli,
1200 4024 1257 4088 dd:
1290 4022 1445 4106 „inquires

193 4133 343 4198 duarum
362 4138 522 4220 legionum
543 4137 687 4201 sexcenti
716 4138 785 4198 fere
817 4156 859 4199 ex
881 4141 977 4219 cquis
1004 4134 1172 4218 desiliunt,
1201 4133 1445 4213 cedentibusque
1488 4158 1489 4161 ¹

215 4243 278 4306 iam
299 4243 366 4303 suis
387 4245 554 4325 provolant
574 4246 606 4306 iu
627 4242 795 4326 primum.“
825 4243 884 4327 Ν,
904 4241 1444 4307 ts.1anenteiamreSealem-
1488 4254 1489 4319 ᾗ

217 4352 331 4432 panius
352 4348 526 4412 exclamet:
546 4356 607 4432 „ut
627 4349 762 4430 equites,
784 4351 836 4430 qui
851 4350 976 4412 salvam
989 4349 1214 4431 rempublicam
1228 4346 1349 4409 vedent
1364 4363 1443 4420 ease,

216 4477 259 4522 ex
281 4457 372 4540 cquis
393 4452 583 4519 desilirent.“
626 4457 708 4535 vii,
730 4457 766 4520 t:
788 4458 992 4540 „Postquain
1012 4461 1172 4540 equestris
1194 4473 1302 4540 pugna
1321 4452 1443 4531 edoctu,

215 4585 309 4648 quam
331 4563 507 4646 conatibus,
529 4565 641 4627 vanior
661 4574 740 4648 erat,
762 4567 907 4631 consulto
924 4567 1012 4646 prius
1031 4567 1187 4632 dictatore
1207 4559 1347 4645 equites,
1374 4579 1444 4642 per·
1488 4596 1489 4621 i

214 4678 315 4738 missu
341 4673 456 4738 deindo
483 4669 580 4754 eius,
612 4674 731 4736 relictis
762 4676 853 4755 equis
887 4675 1023 4736 clamore
1045 4673 1166 4754 ingenti
1186 4673 1356 4753 provolant
1373 4677 1444 4732 ante
1488 4672 1489 4719 ἓ

215 4787 325 4868 signs,
341 4793 372 4848 ct
390 4779 668 4862 novamiutegrant
692 4797 863 4862 pugnam«
884 4780 1081 4863 dixistis:
1103 4781 1270 4862 anquiren,
1284 4786 1321 4842 ut
1345 4774 1440 4840 semel
1488 4798 1489 4817 1
