3000 5184
237 176 240 187 Δ
271 205 334 268 toti
693 205 748 268 lle
768 207 920 287 spoliis
941 208 1096 289 opimis.

322 326 330 350 ρ
486 315 490 324 r

269 381 400 471 πλῆθος
414 377 652 450 demeacula»
661 385 906 474 μεγαλοπρεπῆ,
926 385 982 451 καὶ
999 387 1059 454 τοῦ
1079 386 1221 476 στρατοῦ
1241 384 1498 473 περιεπῶσοςέν

270 485 385 569 ὅπλοις
418 489 685 577 ἐστεφανωμένον
715 483 983 578 περιζωσάμενος
1012 484 1121 574 αὐτός,
1159 487 1383 582 ὥο,τερ’ἐ’11ος
1414 495 1498 577 ἐστίν,

248 592 442 694 ,ἀναλαβών
462 592 520 685 τήν
541 589 790 688 περιπόρφυρον
804 599 859 665 καὶ
879 593 987 674 λαβών
1007 601 1096 688 δᾷδα
1104 603 1284 690 καιομένην,
1306 603 1362 668 καὶ
1377 605 1422 669 dt’
1441 600 1498 688 α’μ-

270 706 420 794 percipies
440 707 504 772 τῶν
526 702 808 795 χειρῶν-ἀνασχών
830 701 915 798 πρὸς
933 701 991 775 τόν
1009 702 1154 800 οὐρανόν,
1177 706 1311 793 ἔμελλεν
1325 703 1488 800 (ἷφήοειντ1

230 859 234 882 .
269 815 367 902 πυρᾷ.
392 820 474 890 lllor.
499 820 557 896 tv,
571 821 626 884 ttz
649 822 935 897 „Armaviotorum
953 841 1016 884 non
1037 845 1087 886 ex
1108 843 1219 887 more
1241 825 1336 886 tetri
1358 833 1496 898 cremata,

268 927 328 989 sed
350 926 449 988 fracta
470 937 543 988 sunt
565 937 598 989 et
619 932 650 989 iu
674 931 867 1009 profluentes
889 930 997 994 data·“

836 1185 870 1275 ς.
893 1192 943 1254 aa.

687 1344 745 1398 ne
764 1344 911 1414 sporus
929 1345 1095 1416 opimas.

352 1517 481 1579 liestus:
504 1514 637 1594 „Opima
657 1515 826 1595 magnilica
848 1522 880 1577 et
902 1516 1023 1594 ampla3
1046 1515 1130 1578 unde
1143 1518 1398 1599 spoliaquoque,
1413 1537 1497 1599 qua

270 1623 351 1686 dux
380 1625 415 1686 P.
437 1623 476 1686 11.
498 1621 516 1682 (1
527 1623 594 1682 aci
621 1621 790 1682 hostium
819 1620 1029 1705 detraxit,
1053 1644 1184 1707 quorum
1207 1633 1294 1686 tanta
1315 1626 1429 1687 raritas
1451 1635 1494 1686 est

269 1742 302 1794 ut
324 1735 402 1794 iutra
424 1750 522 1793 arrrros
546 1732 639 1810 paulo
666 1777 673 1792 .
695 1775 703 1791 .
725 1777 733 1795 .
757 1776 777 1791 ..
786 1774 1191 1797 ..............
1222 1733 1302 1794 trina
1324 1734 1500 1814 contigerin

269 1841 383 1902 nomini
395 1839 552 1917 Romano,
575 1859 646 1918 uua,
670 1841 918 1921 quaeRomulus
940 1841 981 1903 de
1003 1843 1140 1922 Acrone,
1160 1844 1270 1911 altera,
1294 1859 1378 1922 quac
1400 1859 1493 1903 consu

270 1948 395 2011 Cossus
423 1947 589 2009 Cornelius
620 1946 660 2008 de
687 1948 870 2024 Tolumnio,
902 1951 1013 2027 tertia,
1046 1969 1127 2030 quae
1155 1949 1200 2011 tt.
1240 1949 1413 2012 Marcellus
1442 1949 1486 2008 lo

271 2055 413 2116 Feretrio
441 2053 479 2115 de
508 2052 697 2116 Virdomaro
725 2055 873 2119 fixerunt
917 2059 961 2122 tt.
982 2057 1086 2120 Varro
1108 2061 1154 2120 ait
1175 2059 1280 2137 opima
1301 2055 1404 2137 spolia
1425 2073 1492 2116 esse

271 2173 365 2231 etiam
388 2170 415 2230 si
447 2170 647 2249 manipularis
668 2171 759 2232 miles
782 2168 970 2242 detraxerit,
996 2167 1162 2229 dummodo
1186 2167 1259 2228 duci
1281 2164 1418 2226 hostium
1443 2203 1475 2226 ι.

270 2315 517 2339 .........
525 2255 549 2335 ’.
578 2295 639 2337 uon
661 2276 753 2337 sinte
798 2276 868 2341 biv.
897 2277 965 2358 tv,
993 2275 1053 2336 20:
1101 2275 1240 2356 „Spolia
1270 2273 1300 2334 in
1321 2272 1404 2334 aede
1425 2272 1497 2333 lovi

269 2384 403 2448 Feretrii
423 2402 520 2464 propo
542 2382 669 2445 Romuli
690 2388 808 2464 spolia,
830 2404 930 2466 quae,
953 2388 1052 2467 prima
1074 2386 1176 2467 opima
1199 2383 1454 2466 appellata,sola
1472 2401 1488 2441 e

20 2511 72 2543 ·
159 2508 162 2512 ’
269 2500 459 2572 tempestate
481 2499 581 2570 erant,
605 2509 676 2554 cum
699 2492 845 2554 sollemni
866 2492 1065 2556 dedicatione
1087 2493 1170 2555 dono
1190 2493 1372 2555 ttxtt--
1391 2489 1497 2552 0um

269 2611 343 2665 ante
365 2621 415 2662 me
437 2609 583 2662 auctores
601 2601 799 2662 secutus'A.
821 2601 1001 2666 Cornelium
1024 2603 1160 2666 Cossum
1183 2602 1386 2665 tribunum
1408 2600 1487 2662 mili

269 2721 346 2773 tum
368 2707 510 2771 secunda
532 2709 633 2787 spolia
646 2711 761 2790 ,opima
783 2713 869 2774 lovis
892 2713 1023 2775 lieretrii
1046 2715 1163 2795 templo
1185 2710 1338 2789 intulisse,
1361 2706 1491 2788 exposui

269 2799 424 2894 ceterum,
446 2825 680 2898 praeterquam,
702 2816 785 2900 qnod
807 2837 847 2881 ea
868 2822 928 2880 rite
950 2820 1054 2898 opima
1075 2821 1177 2899 spolia
1198 2818 1373 2898 habentur,
1411 2833 1500 2897 qna

270 2925 347 2988 dux
371 2925 465 2986 duci
487 2922 683 3002 detraxit,
709 2947 750 2987 ne
772 2926 885 2989 ducem
908 2928 1063 3004 rrovimus,
1086 2927 1144 2988 nisi
1167 2928 1257 2988 cuius
1276 2923 1420 3006 auspicio
1441 2923 1486 2985 bel

269 3037 333 3098 lum
353 3034 486 3118 geritur,
507 3037 617 3098 titulus
638 3038 706 3116 ipsc
728 3038 839 3117 spoliis
862 3036 1031 3116 inscriptus
1052 3037 1123 3097 illos
1144 3053 1258 3115 meque
1291 3036 1401 3116 arguit
1432 3051 1486 3096 con

269 3147 370 3208 sulem
392 3162 431 3205 ea
453 3143 590 3232 Opssum
614 3145 771 3223 cepisse.“
815 3141 890 3204 inde
910 3142 1075 3224 Vergilius
1095 3140 1144 3202 Vl
1156 3183 1167 3221 ,
1188 3129 1268 3201 etr:

353 3248 433 3325 Ouia
457 3255 496 3321 te,
519 3266 633 3324 meque
654 3248 743 3330 Coto,
766 3254 908 3329 tacitam,
930 3255 988 3308 aut
1007 3252 1050 3328 te,
1073 3226 1180 3317 Ooaee,
1203 3245 1393 3326 relinquat?

269 3371 302 3424 et
322 3361 383 3436 Vl,
403 3357 483 3420 856:

352 3466 483 3545 Aspice,
507 3472 545 3526 at
562 3467 699 3542 incipitis
718 3462 865 3541 apoiiia
888 3462 1069 3524 Mareotim
1090 3466 1233 3544 opimis

326 3547 545 3653 'Inpreditun
570 3578 727 3652 victorque
748 3576 832 3630 viros
853 3575 1066 3648 supereminet
1083 3571 1207 3633 omnm!

352 3685 416 3746 Hic
436 3701 502 3742 rem
523 3683 711 3758 Romanam,
733 3696 848 3755 rnapoo
869 3680 1016 3739 turbante
1036 3677 1186 3762 tamaltio,

350 3791 461 3871 sistet,
482 3808 577 3868 eques
600 3792 722 3847 sternet
741 3787 867 3846 Poenos
886 3783 1079 3864 Gallumque
1100 3786 1256 3870 rebellem,

353 3899 518 3977 Tertiopuc
539 3916 628 3957 arma
646 3871 734 3974 patri
752 3896 926 3972 suspendet
947 3902 1041 3972 capta
1062 3894 1209 3970 Quirino.

270 4005 372 4067 Cuius
403 4003 527 4066 decoris
557 4021 653 4084 quum
682 4002 765 4064 adeo
797 4019 868 4063 rara
906 4000 1034 4064 fortuna
1066 4001 1196 4079 fuisset,
1227 4011 1269 4089 'ut
1300 4004 1360 4066 tria
1390 4011 1494 4064 tanto·

268 4113 350 4174 inter
372 4118 418 4172 tot
438 4127 551 4190 anuos,
572 4118 619 4170 tot
640 4110 722 4171 bella
741 4116 833 4189 parta
854 4120 978 4189 essent,
1000 4109 1140 4172 Aeneam
1165 4129 1359 4193 magnopere
1387 4129 1426 4172 se
1449 4125 1486 4170 aa

270 4231 392 4282 ctutum
414 4226 501 4285 ratus
521 4227 571 4280 est
594 4217 683 4280 huius
704 4217 825 4302 gloriae
846 4217 1029 4298 participem
1051 4217 1224 4280 reddendo.
1246 4218 1324 4280 lade
1346 4219 1495 4280 Mezenti

270 4331 379 4394 occiso
411 4329 511 4393 omnis
535 4325 587 4389 illa
614 4325 789 4406 descriptio
817 4326 887 4405 xt,
908 4323 1033 4386 5—tt.
1054 4325 1253 4409 intelligitur,
1284 4344 1368 4408 quae

251 4439 360 4503 nobis
381 4437 472 4501 huius
492 4435 539 4496 rei
559 4435 728 4516 imaginem
752 4434 930 4515 expressit:

352 4547 516 4623 Iapeatem
537 4561 687 4622 eamcam
710 4543 825 4630 demam
844 4543 985 4628 audique
1004 4545 1103 4603 ravair

352 4653 526 4715 domama
546 4649 676 4723 tamaio,
694 4649 916 4729 solymaeque
935 4651 1041 4711 maduit
1061 4670 1161 4726 arom,

354 4760 497 4823 Mamerti
516 4757 608 4818 ducta
628 4758 1010 4838 caecilianumque,
1034 4763 1209 4839 tropaeam
