3000 5184
540 158 598 222 lle
618 177 658 222 re
678 159 842 225 nediea
1242 161 1304 226 263
1369 109 1373 118 ¹

77 336 250 402 admiretur
267 337 448 402 fabulantes
468 341 675 419 provoeabat,
698 349 731 403 et
748 348 804 404 aut
824 349 1061 404 aeroamata
1082 347 1116 402 et
1137 341 1306 406 histriones

77 449 244 512 autetiam
265 448 408 512 triuiales
419 469 462 512 ex
476 453 563 514 eireo
584 450 690 514 ludios
714 451 933 534 interponebat
952 467 992 513 au
1014 451 1213 532 frequentius
1232 469 1307 511 ere-

45 536 46 585 l
76 555 225 636 ntogosf‘
267 557 357 618 Nero
383 575 507 638 queque
533 558 620 639 apud
650 559 784 622 Sueten.
816 558 877 621 20:
919 558 1122 640 „diebusque
1150 560 1335 621 continuis·
1365 567 1369 582 ·

74 662 212 744 [l'erpuo
233 662 433 743 oitharoedo]
462 672 535 745 post
560 684 693 728 eoennrn
729 666 855 728 canenti
883 665 916 727 in
942 666 1072 728 multam
1100 675 1222 727 nootem
1247 666 1308 727 ad-

72 770 177 832 sidens
198 771 362 852 paullatim
391 782 424 833 et
451 772 520 853 ipse
542 771 686 835 meditari
708 772 914 854 exercerique
946 767 1086 852 eoepit.“
1130 772 1309 836 Hadrianus

73 889 151 942 teste
170 881 343 961 Spartiane
362 881 417 944 bb:
438 880 488 956 „in
510 883 661 943 convivio
682 879 879 965 tragoediae,
903 878 1101 957 eunomiae,
1131 881 1307 955 Atellanas,

71 989 252 1068 sambucus,
274 987 426 1070 leetores,
448 998 562 1069 poetas
582 1009 639 1070 pro
661 1009 695 1050 re
715 1008 842 1070 semper
863 985 1042 1050 exhibuit.“

138 1447 208 1510 ,liei
233 1447 376 1510 medieas
397 1466 469 1509 rara
490 1449 625 1529 Vergilii
646 1449 836 1512 earmiuibus
858 1457 908 1511 est
930 1448 1055 1510 mentio.
1100 1447 1172 1507 lluo
1193 1445 1309 1523 refero,

69 1555 152 1634 qnod
175 1557 305 1618 Aeneas
328 1559 372 1640 X,
393 1556 470 1621 315:

159 1663 242 1724 Inde
264 1664 390 1726 Liolten
413 1669 504 1746 serit,
524 1669 689 1726 resectum
711 1667 775 1724 iem
796 1670 898 1723 matre
915 1640 1112 1742 peremptos

149 1772 198 1832 Et
217 1773 280 1843 tibi,
304 1775 439 1844 Phoebe,
464 1792 605 1851 enorum,
627 1793 740 1833 caseus
761 1773 893 1834 eandm
910 1775 996 1854 ferri

151 1879 247 1954 Quod
264 1882 357 1942 boui!
373 1903 485 1960 paron.

67 1987 137 2050 nes
169 1996 238 2050 erat
266 1989 341 2050 iuris
368 1989 502 2052 llomaui
533 1991 594 2052 iam
616 1985 788 2074 antiquitus
810 1993 923 2056 sanciti
957 1999 1040 2053 teste
1063 1985 1213 2048 Marcello
1237 1983 1309 2061 llig.

66 2097 129 2172 XI,
150 2098 190 2177 8,
211 2098 246 2160 2:
282 2099 411 2182 »Negat
437 2102 503 2162 lex
532 2103 646 2185 regia
673 2105 852 2180 mulierem,
881 2119 964 2182 queo
986 2112 1167 2180 praegnans
1188 2099 1311 2150 mortua

65 2205 119 2278 eit,
140 2204 274 2287 humari,
300 2214 471 2289 antequam
493 2217 603 2288 partus
625 2210 654 2271 ei
677 2211 857 2290 excidatur3
880 2213 934 2292 qui
949 2217 1059 2270 eontra
1076 2205 1199 2281 iecerit,
1221 2217 1309 2281 spem
1327 2231 1331 2234 -

66 2312 237 2373 animantis
255 2333 327 2375 enm
355 2314 491 2397 gravide
516 2319 692 2395 peremisse
715 2318 869 2380 videtum
913 2316 1044 2380 Paullus
1081 2315 1155 2394 Dig.
1191 2309 1239 2386 L,
1265 2305 1311 2379 ¹⁶,

66 2419 145 2482 132:
168 2420 316 2482 nll'alsum
337 2431 403 2495 est,
428 2440 500 2484 enm
523 2427 695 2504 peperisse,
720 2428 773 2486 cui
795 2433 937 2486 mortuae
960 2423 1042 2484 tilius
1054 2427 1206 2481 exsectus
1230 2421 1310 2473 esta

65 2527 120 2587 Ex
150 2525 284 2588 historia
313 2544 441 2607 qnoque
463 2527 611 2591 Romana
630 2527 736 2608 plures
757 2529 803 2590 ita
822 2529 886 2590 nati
908 2527 1032 2588 fuerunt
1056 2524 1215 2584 inlustres.
1259 2516 1310 2584 cf.

65 2634 149 2694 Plin.
171 2635 214 2695 N.
236 2635 278 2695 Η.
303 2635 377 2716 Vll,
399 2636 433 2697 7:
467 2638 695 2717 „Auspieatius
727 2647 842 2699 enecta
868 2643 997 2717 parente
1017 2634 1204 2716 gignuntur,
1226 2633 1311 2688 siout

66 2742 182 2823 Scipio
205 2742 376 2805 Africanus
399 2746 484 2824 prior
504 2754 618 2822 netes,
642 2750 823 2828 primusque
845 2744 1019 2807 Caesarum
1042 2760 1062 2802 a
1085 2755 1181 2801 caeso
1204 2737 1311 2798 matris

66 2863 158 2916 uteru
182 2853 307 2928 dietus,
339 2873 401 2937 qua
430 2856 469 2916 de
499 2875 598 2919 eausa
627 2865 660 2918 et
690 2856 857 2919 Caesones
885 2852 1043 2934 appellati.
1085 2846 1185 2910 Simili
1217 2844 1310 2906 modo

64 2973 166 3024 natus
194 2971 227 3024 et
260 2964 422 3041 Manilius,
444 2966 495 3045 qui
518 2966 744 3051 Carthaginem
766 2984 837 3028 euru
860 2961 1003 3024 exercitu
1025 2958 1182 3020 intrarint
1209 2957 1310 3016 ·Ser-

65 3073 160 3134 vius:
201 3072 268 3132 ent
294 3073 351 3131 tibi
378 3073 503 3134 Phoebe
528 3094 667 3135 sacreum.
711 3071 839 3144 Omnes,
864 3074 918 3153 qui
947 3077 1036 3128 sento
1067 3067 1175 3127 matris
1198 3073 1311 3124 ventre

66 3187 295 3260 procreantur,
330 3177 403 3240 ideo
426 3190 503 3242 sunt
538 3182 676 3263 Apollini
698 3181 896 3256 enumerati,
929 3175 1002 3257 quie
1028 3173 1108 3236 deus
1137 3172 1311 3234 medicinae

65 3293 137 3356 ost,
164 3302 341 3366 perquam
372 3287 477 3349 lueem
503 3289 681 3350 sortiuntur.
724 3287 817 3350 Unde
845 3283 1054 3364 Aesculapius
1081 3285 1154 3352 ¹eius
1184 3281 1311 3358 lingitur

65 3391 173 3470 lilius3
194 3393 238 3453 ita
259 3395 342 3456 enirn
364 3413 436 3456 eum
460 3404 658 3475 procreatum
680 3414 775 3475 supra
809 3393 903 3474 (Vll,
923 3389 1014 3469 761.)
1035 3390 1178 3451 diximus.
1222 3387 1311 3448 Cae-

66 3519 181 3564 sarum
201 3501 295 3564 etiam
316 3503 434 3565 lamilia
454 3503 528 3566 ideo
549 3521 641 3566 saera
663 3503 820 3564 retinebat
842 3499 1007 3578 Apollinis,
1025 3500 1108 3579 quie,
1130 3495 1181 3576 qni
1195 3495 1311 3574 primus
1386 3561 1388 3568 ,

66 3609 113 3670 de
132 3626 242 3697 eorum
262 3608 381 3672 lamilia
402 3611 472 3692 luit,
495 3620 626 3672 exsecto
649 3614 759 3673 matris
781 3617 892 3670 ventre
911 3615 1005 3670 natus
1027 3614 1108 3667 estu
1151 3603 1201 3666 cf.
1218 3603 1309 3666 Seru.

69 3721 155 3782 Aen.
179 3722 205 3796 l,
226 3719 296 3783 285.

155 3833 383 3896 Memorandus
402 3834 518 3897 deinde
539 3847 606 3914 est,
629 3837 682 3916 qui
701 3835 741 3897 ab
763 3828 881 3894 ἰᾶσθαι
902 3789 1096 3905 nominatur,
1119 3828 1192 3904 xli,
1213 3819 1289 3882 391:

574 3942 699 4001 Phoebo
722 3948 796 4000 arete
816 3941 896 4000 ulr'or
916 3939 1051 3998 dilectam
1073 3937 1161 4013 Iopis

156 4047 283 4106 Iasides
324 4089 845 4110 ...........
891 4076 928 4088 -
950 4074 995 4095 -.
1010 4072 1052 4086 -

154 4151 248 4214 Scire
265 4160 437 4231 potestates
458 4153 628 4213 barbonem
650 4172 806 4231 urumque
825 4153 970 4212 medendi

155 4261 276 4322 Maluit
296 4268 329 4322 et
346 4269 452 4323 mulae
472 4264 595 4338 opilare
615 4261 770 4338 inplorius
791 4264 883 4321 ertio.
967 4305 970 4316 .
1019 4311 1021 4316 .

72 4367 145 4439 Sed
165 4389 258 4453 quarn
279 4368 408 4432 diversa
427 4370 471 4432 sit
492 4369 661 4432 Homerica
683 4370 869 4449 simplicitas
890 4368 924 4428 Il.
949 4365 1008 4449 IV,
1030 4368 1100 4430 218.
1114 4376 1146 4429 et
1161 4309 1219 4442 lll,
1238 4361 1308 4426 840.

72 4497 94 4540 a
114 4477 199 4539 enltn
218 4477 441 4558 deseriptiunis
464 4477 681 4559 Vergiliaaae,
703 4475 940 4555 comparatione
960 4474 1156 4556 diligentiore
1171 4475 1313 4533 instituta

73 4595 145 4672 ipse
163 4589 332 4668 intelliges.
374 4587 523 4651 Observa
543 4588 624 4650 inter
644 4587 736 4662 alios,
755 4583 839 4667 quod
871 4584 954 4664 lapis
988 4583 1060 4644 400.
1089 4587 1205 4642 retorto
1236 4597 1312 4639 ruo·

75 4706 198 4762 cincun
220 4700 338 4759 amicto
358 4692 436 4758 403:
