3000 5184
537 220 593 284 De
613 223 783 306 legione.
1242 229 1283 292 53

27 397 219 464 dinumerat
252 406 396 484 scriptor.
454 403 630 470 'l'recentes
664 407 767 470 luisse
804 425 887 470 anno
922 408 963 474 V.
999 407 1038 471 0.
1081 409 1228 473 00021.
1262 433 1282 475 a

26 504 141 568 Livio
162 509 219 583 Ill,
238 509 289 572 62.
311 509 424 572 audis:
460 511 622 593 „Equites
650 514 783 580 duarum
810 515 1189 599 legionumsexcenti
1215 521 1283 583 lero

27 635 72 678 ex
109 621 211 699 equis
240 619 397 684 desiliunt.
437 623 515 703 „De
545 622 703 703 peditibus
722 625 880 706 Dionysio
908 627 1066 688 consentit
1085 627 1199 690 bivias
1219 630 1281 704 Vl,

29 723 87 786 22.
123 727 167 788 ad
196 747 311 792 annum
334 727 588 794 ccccxxw:
623 730 807 814 „Quattuor
840 733 1028 825 legionibus·
1047 746 1284 819 quaternum

28 838 194 902 milium
231 837 392 921 scriptis.“
449 842 554 908 ‚Anno
592 840 775 906 CCCGVl.
803 845 916 904 iterum
948 841 1034 904 aucti
1057 852 1131 907 sunt
1163 845 1286 927 pedites

29 955 129 1008 teste
158 948 254 1011 Livio
283 947 365 1030 Vll,
395 948 452 1012 at:
488 948 661 1033 „Undique
688 969 750 1011 non
779 949 898 1011 urbana
925 956 1062 1033 tantum,
1100 952 1160 1014 sed
1189 959 1284 1018 etiam

30 1057 170 1138 agresti
208 1057 375 1120 iuventute
415 1056 528 1120 decem
569 1059 715 1141 legiones
752 1057 892 1138 scriptae
926 1056 1075 1120 dicuntur
1115 1071 1286 1142 queter-

32 1183 136 1226 uum
158 1164 306 1227 milium
329 1173 369 1226 et
390 1164 634 1246 ducenorum
654 1165 805 1246 peditum,
828 1167 1034 1246 equitumque
1051 1169 1287 1232 trecenorum.“

33 1272 93 1335 cf.
129 1273 245 1356 Polyb.
274 1272 336 1356 Vl,
363 1274 423 1336 2οι
449 1261 546 1336 ’Όιαυ
577 1269 608 1334 δ’
641 1267 796 1350 ἐκίέξιοσι
826 1261 865 1334 τό
900 1267 1113 1357 προκείμενον
1147 1273 1288 1361 πλῆθος,

32 1376 158 1455 (τοῦτο
179 1376 211 1440 d’
232 1373 319 1442 ἐστίν
340 1369 395 1442 ὁτὲ
416 1376 475 1459 μὲν
492 1373 541 1454 εἰς
565 1374 699 1444 ἕκαστον
718 1368 941 1465 στρατόπεδον
961 1377 1059 1458 πεζοί
1078 1403 1289 1469 τετρακις-

37 1481 188 1563 χίλιοι
207 1482 277 1548 καί
297 1474 536 1565 διακόσιοι,
564 1483 644 1551 ποτὲ
670 1484 711 1550 ,δὲ
730 1483 990 1566 πειτακιςχίίιοι,
1012 1479 1148 1552 ἐπειδᾶν
1168 1487 1289 1571 μείζων

35 1617 92 1670 τις
117 1586 233 1668 αὐτοῖς
252 1591 475 1681 τιροφαίυηται
494 1591 667 1678 κίνδυνος)
687 1588 773 1678 μετα
800 1595 902 1660 ταῦτα
930 1589 1007 1673 τούς
1034 1593 1151 1674 ίιττιεῖς
1169 1589 1208 1662 τό
1229 1596 1288 1680 μὲν

37 1692 190 1766 παλαιὸν
213 1693 369 1790 ὑστέρους
408 1692 572 1768 εἰώθεσαν
612 1695 801 1786 δοκιμάζειν
827 1701 885 1770 ἐπὶ
919 1708 989 1782 τοῖς
1007 1704 1290 1794 ,τετρακισχιλίοις

39 1808 240 1892 διακοσίοις,
261 1811 315 1877 νῦν
337 1811 376 1878 δὲ
397 1812 578 1901 προτέρους
598 1852 641 1864 -
660 1852 702 1864 -
722 1814 778 1881 καί
798 1815 931 1880 ποιοῦσι
951 1815 1221 1904 τριακοσίους
1241 1811 1290 1890 είς

39 1917 186 1988 ἕκαστον
206 1910 436 2008 στρατόπεδον.
472 1928 565 1989 Anno
586 1926 784 1992 CCCCXV.
806 1928 1053 2011 „scribebantur
1072 1939 1178 1992 autem
1195 1936 1291 2011 quat·
1366 2005 1373 2014 .

44 2045 123 2096 tuor
154 2034 225 2118 fere
256 2034 401 2116 legiones
430 2033 563 2115 quinis
589 2035 747 2098 milibus
765 2035 939 2118 ·peditum,
975 2037 1131 2118 equitibus
1163 2043 1195 2100 in
1222 2039 1292 2125 sin·
1355 2045 1358 2052 '

42 2142 144 2224 grtias
169 2139 317 2223 legiones
346 2135 508 2202 trecenis“
542 2141 631 2216 (biv.
660 2140 751 2206 Vlll.
777 2142 834 2216 8.).
884 2142 1043 2206 Deminuti
1066 2142 1211 2205 videntur
1230 2162 1293 2223 pe·

47 2248 137 2311 dites
165 2247 241 2310 inde
271 2246 311 2309 ad
332 2266 447 2310 annum
477 2244 728 2324 000οΧΟΙΙΙ.,
757 2267 853 2331 quum
882 2249 1034 2331 Polybius
1063 2252 1091 2332 1,
1120 2251 1168 2316 lii.
1196 2260 1293 2332 quat·

46 2364 124 2418 tuor
147 2355 292 2438 legiones
313 2355 476 2418 Romanas
497 2363 669 2420 memoret:
696 2342 758 2416 οἶνοί
777 2351 1143 2440 τετρακισχιλίους
1162 2347 1293 2441 πεζούς,

47 2457 174 2536 ἱππεῖς
196 2458 232 2526 τὲ
253 2456 466 2548 τριακοσίους.
509 2462 547 2524 ld
569 2479 642 2525 curn
665 2483 704 2526 ec
723 2464 881 2540 convenit,
904 2463 987 2546 quod
1008 2485 1089 2528 enno
1110 2467 1294 2534 DXXXlV.

47 2577 272 2655 „Sempronio
294 2572 388 2635 datae
409 2573 552 2654 legiones
573 2572 670 2654 duae,
701 2591 740 2636 ea
769 2582 969 2654 quaterna
988 2574 1096 2636 milia
1117 2582 1207 2636 erant
1233 2593 1294 2655 pe·

51 2682 175 2760 ditum,
210 2688 244 2742 et
264 2683 444 2744 trecenti
467 2683 589 2766 equites
609 2715 650 2726 -
670 2713 711 2725 -
743 2680 892 2745 Cornelio
913 2681 1008 2745 datae
1028 2681 1110 2745 duae
1131 2682 1295 2743 Romanae

50 2793 203 2875 legiones
225 2807 297 2851 oum
319 2807 378 2853 suo
400 2794 484 2853 iusto
507 2791 648 2873 equitatu
671 2820 709 2836 -
730 2824 773 2837 -
793 2791 883 2854 Duas
904 2791 1049 2873 legiones
1069 2789 1233 2855 Romanas
1262 2798 1295 2851 et

50 2897 167 2960 decem
193 2900 281 2962 milia
309 2902 468 2963 sociorum
489 2900 638 2984 peditum,
661 2901 744 2963 mille
766 2899 890 2982 equites
911 2903 1031 2981 socios,
1054 2905 1294 2960 sexcentos

53 3008 223 3072 Romanos
254 3005 360 3070 Gallie
388 3009 552 3090 provincia
582 3009 696 3073 eodem
727 3029 810 3072 anno
838 3027 934 3071 versa
954 3011 986 3069 in
1007 3008 1160 3070 Punicum
1181 3006 1297 3068 bellum

52 3111 193 3178 habuit“
216 3117 304 3189 (Liv.
327 3097 416 3193 XXl,
438 3116 514 3192 12).
556 3117 607 3179 De
629 3138 711 3181 anno
734 3117 922 3181 DXXXVl.
943 3115 1107 3178 variarunt
1129 3118 1193 3177 iam
1214 3111 1297 3193 apud

52 3227 186 3288 Livium
206 3225 320 3301 xxti,
353 3225 403 3288 36.
425 3235 590 3290 auctorest
624 3230 777 3312 „Decem
805 3227 890 3288 milia
923 3243 1076 3288 novorum
1097 3223 1227 3285 militum
1247 3220 1297 3282 alii

54 3335 180 3416 scripta
200 3335 232 3394 in
253 3334 521 3414 supplementum,
544 3333 596 3396 alii
616 3351 719 3395 noves
741 3339 887 3414 quattuor
908 3332 1071 3413 legiones,
1101 3337 1135 3392 ut
1154 3337 1227 3397 octo
1248 3329 1298 3388 le-

55 3439 210 3525 gionibus
232 3458 299 3501 rem
319 3446 478 3520 gererent,
501 3457 631 3500 numero
653 3455 780 3518 quoque
800 3437 942 3517 peditum
964 3439 1169 3518 equitumque
1191 3433 1297 3515 legio·

56 3567 117 3611 nes
140 3556 272 3628 auctas,
306 3546 429 3608 milibus
456 3545 595 3628 peditum
623 3553 656 3606 et
677 3546 822 3626 centenis
843 3545 1002 3627 equitibus
1021 3546 1052 3606 in
1072 3543 1216 3624 singulas
1237 3539 1299 3601 ad·-

58 3660 175 3738 iectis,
203 3663 239 3716 ut
260 3658 353 3737 quina
374 3654 459 3718 milia
480 3654 635 3734 peditum,
664 3658 785 3718 treceni
805 3649 859 3735 (l)
881 3656 1004 3738 equites
1035 3647 1175 3716 essent.“
1226 3648 1300 3710 Nisi

59 3776 212 3833 auctores
233 3767 277 3828 illi
300 3765 504 3846 crediderint,
534 3767 674 3850 equitum
703 3773 825 3828 tantum
846 3762 1046 3844 ducentos*)
1068 3759 1186 3842 legioni
1206 3766 1301 3821 antea

60 3880 188 3946 additos
212 3873 407 3958 esseqquod
427 3875 484 3937 vix
504 3871 671 3938 adfirmare
692 3875 813 3956 ausim,
843 3872 904 3936 hoc
935 3872 1004 3935 loco
1026 3867 1230 3954 quadringeni
1251 3866 1302 3929 lc·

63 3989 208 4076 gendum
229 3998 288 4070 est,
316 3988 463 4070 quamvis
484 3994 517 4048 et
538 3985 703 4066 Appianas
723 3984 764 4044 Η.
786 3982 827 4046 lt.
848 3983 924 4062 Vll,
949 3980 980 4045 8.
1002 3986 1159 4042 trecentos
1180 3986 1302 4040 tantum

64 4098 214 4162 nominet.
246 4095 361 4172 (Error
378 4091 451 4156 inde
473 4099 559 4162 ortus
580 4098 648 4172 est,
681 4089 766 4171 quod
786 4089 840 4151 laic
860 4089 1001 4170 equitum
1020 4084 1174 4150 numerus*
1194 4087 1303 4170 legiti-

66 4223 138 4268 nrus
169 4211 201 4267 et
232 4205 418 4287 antiquitate
446 4199 590 4264 sancitus
618 4201 801 4274 memoriam
831 4196 1039 4278 computantis
1059 4215 1186 4278 semper
1207 4215 1306 4260 occu·

65 4314 186 4397 pavit)
227 4313 354 4400 Etenim
377 4309 673 4376 annoDXXXVll.
698 4309 932 4392 „decreverunt
951 4317 1076 4390 patres,
1104 4318 1139 4372 ut
1162 4307 1201 4387 Q.
1222 4309 1306 4372 Ful-

86 4523 116 4590 2)
132 4521 226 4573 Livius
244 4522 300 4584 ipse
317 4521 444 4587 xxviii,
461 4521 492 4570 2:
509 4520 615 4587 „lirant
631 4525 723 4572 autern
740 4522 768 4572 in
793 4520 933 4572 Celtibero
954 4520 1074 4571 exercitu
1091 4523 1217 4583 quattuor
1234 4516 1306 4566 milia

134 4618 304 4665 scutatorum
316 4620 345 4665 et
362 4613 505 4665 ducenti
521 4614 639 4678 equites3
656 4615 724 4664 hano
735 4614 831 4664 iustam
847 4611 981 4676 legionem
998 4607 1042 4676 (et
1058 4609 1084 4660 id
1101 4611 1185 4659 terme
1202 4608 1308 4658 roboris

135 4705 209 4772 erat)
227 4706 359 4769 inprime
378 4707 437 4758 acie
454 4707 527 4759 locet
545 4710 673 4773 [Mago]:
691 4713 812 4770 ceteros,
828 4705 919 4755 leven
936 4708 1114 4764 armaturam,
1140 4701 1169 4749 in
1185 4698 1308 4749 subsidiis

135 4795 241 4861 pontifi
