3000 5184
206 203 292 312 ur
548 243 608 308 ne
637 240 911 308 sacrificaret
944 241 1102 306 fratros

268 427 974 508 ,lunonem-trummacum

288 537 488 601 Succinctus
507 537 629 620 bedu,
649 538 801 617 because
819 535 922 598 ancile
940 537 1079 612 peretot.

208 645 261 708 ubi
283 645 435 708 Servius:
476 645 609 709 »Lituus
635 657 691 710 est
714 649 880 710 insumam
902 661 1060 726 uirgarum
1087 641 1254 726 baculum,
1285 663 1357 726 qno
1384 652 1455 706 ute-

210 753 325 816 bantur
353 753 393 818 ad
425 754 624 834 designanda
645 755 726 816 coeli
747 755 868 836 spatia3
897 772 970 815 uam
996 771 1092 816 mauu
1113 771 1177 814 non
1196 751 1331 814 licebat.
1377 751 1454 826 Oui-

205 840 340 924 rinolem
360 871 466 924 autem
490 883 531 924 ex
552 881 690 942 persona
709 880 770 925 sua
790 860 890 941 dixit,
925 862 1049 944 qualem
1073 871 1187 942 postea
1210 861 1375 939 Quirinus
1397 860 1454 920 lm·

206 972 302 1034 bulte
345 974 382 1033 ln
412 971 514 1034 nuruis
536 971 705 1034 innumeris
728 971 827 1032 lituus
852 972 1060 1052 conspicitur.
1118 971 1171 1034 De
1198 969 1327 1032 ancili
1354 985 1450 1047 supra

207 1075 306 1149 §.dl
329 1076 568 1157 disputavimus.
615 1077 760 1158 Derrique
789 1096 895 1157 apex
916 1085 988 1139 orat
1008 1077 1189 1140 llamirribus
1210 1079 1331 1158 ospitis
1355 1083 1450 1157 tegu-

207 1192 358 1246 mentum.
401 1184 560 1266 Vergilius
581 1184 672 1262 Vlll‚
691 1184 764 1249 661.
785 1193 954 1248 memorat:

290 1293 530 1374 Laciperoapue
551 1297 660 1372 apices
678 1301 711 1355 et
729 1295 821 1372 lupae
843 1295 961 1355 cumdio
983 1293 1076 1356 caela

208 1401 362 1464 Servius:
394 1401 576 1464 nFlamines
598 1403 628 1464 iu
651 1403 754 1484 capite
775 1397 934 1466 habebant
955 1402 1080 1482 pileum,
1111 1403 1145 1463 in
1166 1419 1229 1481 quo
1248 1412 1321 1464 erat
1343 1405 1449 1466 brevis

206 1516 299 1594 virga
327 1511 465 1593 desuper
493 1512 614 1574 habens
645 1515 737 1576 lanae
765 1512 910 1595 aliquidur
968 1514 1044 1575 Non
1076 1500 1208 1576 omniuo
1229 1519 1380 1594 cunstat,
1412 1529 1450 1571 aa

207 1618 340 1682 eundem
365 1621 480 1702 pileum
502 1623 550 1700 ll,
572 1619 642 1683 683
665 1620 705 1683 de
725 1620 795 1683 lulo
815 1618 1067 1703 significaverit:

289 1730 439 1794 Fundere
460 1731 566 1792 lumen
588 1751 683 1809 opes.

205 1841 257 1904 ubi
280 1839 387 1905 Servii
407 1840 507 1903 verba
528 1847 637 1902 notatu
653 1837 750 1921 digna
765 1847 860 1905 suutt
882 1839 997 1920 »Aper
1011 1840 1137 1921 proprie
1150 1839 1265 1903 dicitur
1278 1840 1312 1904 in
1327 1857 1450 1904 sunno

204 1949 342 2013 flaminis
369 1948 451 2029 pileo
481 1947 575 2030 virga
602 1948 727 2027 lanata,
755 1947 819 2011 lroc
844 1957 912 2025 cst,
938 1949 969 2012 in
990 1951 1081 2014 euius
1101 1951 1306 2013 exuemitstc
1328 1950 1447 2014 modios

206 2059 278 2120 lana
306 2063 374 2133 est,
402 2053 485 2137 qnod
508 2056 639 2137 primurn
669 2064 798 2119 constat
811 2056 910 2138 apud
940 2058 1054 2120 Albam
1084 2057 1257 2120 Ascanium
1286 2059 1447 2120 statuisse.

206 2163 305 2225 Modo
325 2163 431 2226 duteru
454 2164 665 2226 summitatem
688 2165 762 2248 pilei
788 2166 1021 2246 intelligimusu
1071 2167 1120 2228 lle
1148 2165 1267 2243 vittis
1293 2165 1447 2231 sacerdo·

203 2272 321 2334 talibus
342 2278 373 2346 s.
391 2267 442 2332 uu
464 2267 704 2353 disputabimus.
761 2273 976 2334 Instrumenta
1006 2271 1200 2354 pontificalia
1227 2273 1335 2335 omnia
1357 2271 1443 2335 vides

113 2375 117 2380 ’
206 2381 239 2444 in
258 2399 313 2444 ara
333 2382 503 2443 Minervae
523 2380 553 2441 in
574 2379 684 2462 Nibby
704 2378 820 2442 Museo
843 2379 1034 2460 Capitolino.
1082 2379 1156 2442 Vol.
1180 2382 1204 2442 Ι.
1236 2383 1349 2444 Scala„
1371 2381 1444 2446 l'ab.

208 2487 257 2552 10.
280 2487 431 2551 Sculture
449 2485 533 2549 della
554 2486 629 2548 villa
651 2486 830 2570 Borgheso.
855 2487 929 2550 Vol.
950 2489 974 2552 Ι.
995 2486 1134 2562 Portica
1154 2507 1201 2553 ru.
1226 2488 1274 2554 15.

801 2711 810 2729 .
831 2665 884 2730 63.

555 2801 615 2854 lle
636 2661 905 2854 ”celabo-dl
922 2798 1076 2856 rltlbus

204 2971 377 3051 exposituri
403 2963 620 3051 separabimus
641 2984 757 3044 mores,
779 2968 832 3048 qui
854 2965 895 3030 ad
918 2966 1136 3031 sacrificantes
1158 2969 1302 3048 attinent,
1334 2971 1376 3033 ab
1397 2969 1441 3052 tis,

205 3079 257 3160 qui
285 3080 315 3140 in
344 3079 423 3160 ipsis
449 3075 585 3140 victimis
616 3075 763 3137 ornandis
790 3065 1026 3159 tractandisque
1057 3079 1300 3159 conspiciuntur.
1357 3079 1440 3141 Prius

205 3205 285 3247 vero
306 3186 406 3246 verba
428 3182 580 3264 quaedam
603 3182 799 3258 notabimus,
829 3201 914 3263 quae
935 3178 1059 3266 quidem
1090 3185 1130 3246 ad
1157 3185 1296 3266 linguam
1332 3189 1439 3271 magis,

205 3313 297 3376 quam
322 3292 362 3355 ad
384 3300 503 3354 certum
524 3306 643 3352 morem
669 3299 818 3370 spectare
842 3289 1006 3368 videntur,
1041 3308 1239 3374 nequaquam
1268 3305 1377 3360 autem
1403 3297 1439 3358 ab

107 3474 118 3492 ⁸
204 3405 288 3468 omui
311 3411 383 3466 sunt
404 3403 484 3463 ritus
506 3409 539 3462 et
561 3399 687 3460 habitus
711 3400 937 3462 observatione
958 3384 1114 3468 seiuncta.
1163 3405 1312 3466 Sacris
1316 3414 1328 3467 i
1336 3425 1441 3481 aare,

203 3523 354 3597 quautam
376 3515 463 3592 scio,
499 3528 657 3593 nunquam
680 3509 765 3591 apud
787 3509 967 3592 Vergilium
988 3509 1121 3596 legitur,
1152 3513 1345 3594 saepissime
1366 3531 1439 3576 ma-

204 3633 331 3699 ctare,
352 3641 422 3684 raro
445 3620 577 3682 litare.
619 3618 701 3679 Aen.
722 3616 765 3701 ll,
792 3617 867 3679 tls:

284 3734 450 3809 Scapulae
470 3728 646 3808 quaerendi
663 3710 796 3800 reditus,
820 3729 989 3806 animaque
1009 3727 1204 3790 litandum

286 3841 448 3918 Arpotaa.

202 3949 338 4026 1v‚502
368 3954 531 4031 sacrisque
551 3949 659 4015 litatis.
700 3949 844 4012 Macrob.
867 3949 931 4019 ΙΙΙ,
954 3946 991 4007 5:
1012 3944 1161 4024 ,‚l,uare,
1184 3937 1267 4020 quod
1289 3939 1436 4021 siguificat

149 4091 153 4100 .
202 4057 360 4121 sacrificio
382 4056 467 4120 lacto
487 4057 614 4138 planare
636 4075 781 4119 numenu
832 4054 930 4118 Porro
955 4055 1063 4135 piare
1091 4059 1142 4112 est
1164 4047 1289 4128 culpam
1313 4059 1435 4110 coutra-

202 4174 288 4230 ctam
317 4185 409 4229 sacro
437 4166 553 4238 delere.
605 4168 635 4229 A
658 4165 804 4227 dolere
833 4163 969 4244 deulque
997 4159 1129 4222 verbum
1153 4173 1319 4219 sanorum
1337 4166 1386 4224 est
1404 4152 1437 4213 do

203 4277 420 4340 combustione
440 4280 547 4361 magis
568 4275 749 4359 adhibitum.
798 4272 998 4337 Sacrillcium
1020 4271 1120 4352 ipsum
1143 4286 1204 4328 rrou
1226 4285 1298 4327 raro
1319 4266 1436 4328 honor

200 4385 388 4451 vocabatur.
440 4381 810 4466 VidaGeorg.lll,48ti
842 4367 1434 4458 Aen.111,17s406.uaul.vt‚s:

290 4495 426 4557 Victima
446 4500 591 4555 sacratae
613 4497 736 4571 linquet
755 4491 875 4552 bonore
891 4490 997 4569 focos,

204 4604 289 4668 Aeno
308 4602 336 4683 l,
357 4597 436 4664 632:

285 4709 393 4774 Simul
411 4705 517 4768 duom
536 4703 661 4782 templis
681 4705 797 4766 lndlod
813 4703 972 4765 bonorem.

203 4818 364 4883 Serviusr·
389 4811 505 4896 „Apud
525 4813 661 4874 maiores
681 4821 811 4875 nostros
830 4827 901 4874 mos
919 4810 989 4886 fult,
1014 4815 1051 4870 ut
1071 4803 1281 4888 magistratus
1300 4809 1376 4883 post
1391 4811 1435 4861 ret
