3000 5184
6 473 84 538 rege
107 455 223 516 butino
245 456 434 538 recipiendis
458 459 535 539 Vll,
560 457 638 521 loe:

54 564 135 626 lberto
156 571 248 626 ratus
271 564 420 628 Anebtea
441 567 622 630 detectos
642 571 753 630 ordine
773 573 812 631 ad
832 575 920 633 omni

48 675 221 736 Gentem
241 678 429 734 oratores
452 682 593 752 eupuotu
612 677 658 736 od
674 684 801 737 moeru'o
825 683 914 755 repis

47 785 103 845 Ire
123 783 220 861 iubet,
240 785 339 842 remis
359 782 478 842 uelatos
498 783 648 844 Palladis
668 789 779 859 11111111,

45 897 205 972 Dorsaque
217 894 307 974 serre
327 893 404 970 rire,
425 905 598 971 paremque
618 909 791 970 exposcere
813 892 955 954 d'euerr‘e.

2 1001 101 1062 tinus
123 1019 202 1062 vero
226 999 335 1061 nuntio
357 998 453 1061 allato
476 998 550 1074 Vll,
573 999 648 1062 loe:
737 1007 744 1018 '

445 1108 510 1170 Ille
531 1111 617 1167 intro
641 1113 721 1168 teeta
741 1111 850 1169 eoeort

49 1218 194 1295 Inperot,
215 1222 247 1276 et
265 1215 343 1276 sotto
363 1189 492 1275 meatur*
507 1218 650 1276 eomedit
668 1219 762 1276 ueito.

0 1341 19 1382 u
42 1323 183 1386 Sevius
204 1326 346 1404 argutior
366 1323 518 1405 tortasse,
538 1342 633 1404 quarn
655 1342 773 1389 verus:
819 1323 993 1388 ”Dissentit
1018 1322 1083 1388 hoo
1100 1325 1173 1388 loeo
1194 1339 1217 1390 o

2 1449 117 1494 emuna
136 1430 375 1494 consuetudine.
417 1433 501 1494 Nam
522 1431 621 1513 legati
641 1433 669 1492 si
689 1432 815 1514 quando
836 1434 986 1516 inooguiti
1007 1413 1217 1498 uenirenunss·
1250 1433 1254 1440 ’

2 1547 139 1619 rentur,
162 1537 271 1618 primo,
291 1537 366 1617 quid
383 1539 512 1616 vellent,
534 1538 575 1600 ab
598 1538 851 1617 exploratoribus
878 1539 1108 1621 requirebatur,
1141 1551 1216 1624 post

0 1672 3 1697 ι
31 1665 90 1708 eos
110 1646 354 1729 egrediebantur
376 1645 582 1727 magistratus
602 1645 762 1725 minores,
784 1655 816 1708 et
838 1655 912 1710 tuno
932 1648 1055 1710 demum
1078 1659 1211 1714 senatus

0 1763 62 1818 trs
86 1756 194 1818 urbem
216 1754 376 1836 postulata
397 1754 568 1837 noscebat,
590 1763 623 1816 et
643 1757 698 1829 ite,
722 1755 750 1816 si
772 1759 877 1817 vuum
899 1755 1032 1836 fuisset,
1064 1755 1218 1820 admitte·

0 1873 92 1924 nour.
135 1861 202 1924 Sed
223 1861 286 1923 hoo
307 1859 477 1942 prudenter
498 1862 587 1924 feeit.
628 1863 776 1924 Latinum
797 1882 937 1944 musque
957 1883 1127 1926 memorem
1146 1864 1217 1927 vult

0 1989 46 2030 se
67 1971 217 2050 responsi
238 1976 271 2030 et
291 1967 419 2030 avidum
440 1968 521 2030 sutis
542 1968 583 2030 ed
604 1978 755 2032 externos
783 1971 962 2053 videndos,
996 1991 1053 2054 per
1084 1991 1166 2054 quoe
1187 1973 1218 2034 ei
1287 1992 1291 2002 ·

11 2077 214 2139 omittebatur
233 2076 403 2140 felicitas.“
449 2078 566 2158 Neque
587 2083 668 2141 enirn
692 2080 1218 2150 aeousuetudineltomanever-

8 2185 80 2248 lium
104 2185 343 2250 dissentientem
370 2187 465 2250 video
485 2216 527 2234 —·
545 2188 615 2270 quis
644 2191 725 2250 enirn
753 2209 775 2252 a
805 2200 901 2272 poeta
929 2197 1018 2252 111111
1044 2192 1220 2251 severitate

13 2313 99 2354 nem
127 2294 210 2376 legis
239 2275 380 2376 ususque
406 2295 572 2372 termulam·
601 2299 702 2358 teneri
730 2296 925 2378 postulabit?
952 2332 994 2342 -
1024 2315 1128 2378 nequo
1154 2311 1217 2379 quo

11 2401 108 2464 tilicio
135 2401 308 2486 Vergilium
330 2414 507 2484 errantem,
529 2412 564 2466 ut
583 2405 714 2485 adserit,
737 2405 898 2484 defendit,
933 2404 1008 2466 mibi
1030 2424 1217 2485 persuasum

0 2521 100 2572 :t—
57 2511 165 2574 -Ut
186 2513 318 2577 Aeneas
339 2522 501 2576 eentum
538 2512 581 2575 ad
607 2514 754 2574 Latinum
789 2515 900 2596 mittit,
934 2515 979 2576 it'u
1008 2515 1142 2580 Latinus
1175 2517 1216 2578 ad

9 2639 120 2682 eneam
144 2621 203 2705 Xl,
225 2620 307 2686 3303

58 2731 242 2809 Praetereo,
265 2735 321 2812 qui
339 2691 425 2794 dioto
442 2735 556 2813 ferant
574 2738 606 2792 et
620 2733 753 2811 foedere
770 2735 910 2812 firment,

59 2837 224 2900 centem
247 2847 388 2900 oratores
407 2845 512 2918 priosta
532 2843 570 2902 de
589 2847 684 2916 pente
705 2839 842 2902 Latinos

57 2948 114 3007 Ire
130 2947 247 3028 placet,
267 2952 422 3027 parioque
442 2965 538 3008 morou
556 2949 765 3024 praetendere
785 2954 900 3007 ramos.
1064 3029 1069 3034 ⁴

1 3078 6 3105 ι
32 3063 152 3116 tantum
174 3057 317 3137 iliterest,
341 3055 426 3137 quod
447 3055 498 3116 hio
520 3054 635 3116 delecti
657 3064 731 3115 sunt
740 3057 1012 3134 presumente,
1033 3056 1097 3120 illio
1109 3060 1222 3126 11111111

4 3191 10 3213 1
36 3167 124 3222 omni
143 3182 210 3244 „ex
239 3165 320 3226 omui
344 3164 492 3246 qualitate
514 3163 713 3247 dignitatum,
737 3173 772 3226 ut
793 3164 926 3226 Servius
946 3166 1008 3249 ait,
1030 3169 1112 3249 quod
1134 3168 1219 3251 apud

10 3288 141 3331 omanos
164 3271 195 3333 in
216 3272 372 3354 legatione
393 3272 545 3335 mittenda
567 3273 722 3356 hodieque
743 3272 927 3340 servatur.“
974 3276 1123 3342 Ceterum
1146 3284 1219 3344 ani-

9 3381 159 3443 advertus
181 3383 330 3443 llioueum
353 3391 385 3442 et
399 3381 474 3462 Vll,
485 3381 557 3444 etl.
575 3391 607 3444 et
628 3384 653 3458 l,
663 3384 734 3447 eet.
750 3386 888 3444 oratoris
902 3394 1011 3464 partes
1024 3391 1219 3470 suscepisse.

10 3509 109 3551 evera
136 3499 240 3550 autem
267 3493 393 3574 legatos
417 3501 531 3572 poetae
557 3491 588 3552 in
610 3492 717 3553 auimo
741 3491 862 3567 fuisse,
886 3492 1059 3557 luosrlenter
1081 3498 1219 3561 ostendit
1286 3557 1294 3565 ,

1 3600 95 3661 ictum
117 3598 250 3660 Aeneae
269 3597 309 3660 ed
329 3598 513 3660 Evandrum
536 3597 634 3674 Vlll,
657 3597 733 3662 1133

59 3709 122 3770 His
137 3711 246 3788 fretus
267 3728 332 3769 noo
353 3708 367 3769 1
372 3729 389 3770 e
395 3716 514 3785 petor
535 3723 637 3787 oeque
655 3711 760 3784 prima
778 3725 838 3783 per
857 3713 959 3768 «rtem

64 3817 297 3892 Temptomenta
317 3817 365 3875 1111
381 3818 503 3894 pepipi5
525 3833 583 3892 me,
606 3831 656 3872 me
675 3816 744 3890 ipre
763 3831 929 3890 ursumque

61 3925 170 3986 (threci
190 3930 288 4000 eaput
305 3929 338 3984 et
356 3922 496 4000 supples-
517 3923 561 3981 ed
580 3921 691 3980 1111111111
709 3922 790 3980 reni.

14 4057 100 4116 eseio
119 4073 159 4114 an
182 4071 243 4114 non
264 4056 389 4136 legatos
412 4067 539 4132 quoque
561 4049 749 4130 cogitaverit
773 4057 867 4129 poeta
890 4045 989 4131 vm,
1012 4050 1059 4127 o,
1083 4048 1137 4113 obi

306 4167 463 4224 Dueteree
486 4161 583 4246 pra'mr'
604 4157 780 4234 Messapus
800 4165 833 4218 et
856 4157 961 4236 Ufens

60 4276 321 4353 Contemptaeque
341 4274 434 4332 deum
455 4269 636 4330 Mezentius
657 4269 798 4346 undeque
817 4273 937 4344 euporo!

65 4383 213 4460 Auertite,
237 4387 268 4440 et
285 4380 367 4440 lotoe
389 4381 518 4438 verteret
537 4374 708 4436 euttoriour
729 4390 836 4449 apros,

60 4493 245 4554 Mittitur
267 4497 298 4550 et
317 4492 427 4566 meque·
451 4485 593 4548 Venulus
616 4486 777 4546 1111111111
797 4485 841 4544 eet
857 4486 975 4559 erdem,
1085 4496 1097 4509 ”

64 4602 129 4677 Qus
145 4608 235 4680 petat
255 4600 423 4660 euoetle'um.

18 4741 110 4794 ertum
134 4740 185 4794 est
207 4731 271 4808 Xl,
297 4728 375 4791 1003

34 4867 110 4905 terret
123 4863 257 4914 antiquitutee
269 4861 410 4912 Vergilianas.
