3000 5184
203 185 246 248 66
306 185 361 248 De
384 180 533 263 oiipeo,
555 188 693 262 sento,
713 197 867 262 parma,
888 180 1022 278 pelta,¹
1044 188 1178 260 ootra,
1200 177 1341 243 ancili

204 365 342 445 aooedit,
363 365 505 446 virisque
525 362 707 448 ingentibus
728 364 897 444 tribuitur,
934 381 977 424 ex
1004 363 1087 426 omui
1113 371 1203 444 parte
1223 372 1294 425 erat
1313 359 1448 424 rotunda

204 481 237 534 et
256 472 439 536 orbiculata.
481 469 575 551 Quod
603 473 671 554 ipso
699 483 795 553 poeta
817 474 886 551 111,
906 471 978 535 637.
1006 470 1163 550 ostendit,
1196 489 1291 552 quum
1320 471 1445 530 oculum

205 579 360 662 Cyclopis
386 582 546 662 Ingentem
575 580 615 642 ab
644 581 759 645 Ulissis
780 581 878 643 sociis
900 579 962 642 telo
993 587 1089 642 aeuto
1118 579 1234 641 adusto
1262 576 1446 658 perfossum

205 693 355 770 nominat·

287 796 433 874 Arpollol
450 799 509 858 eli
510 802 579 877 pei
597 804 655 858 uui
674 797 839 858 Phoebeae
858 796 1015 874 lumperlie
1034 800 1148 855 inetur.

208 904 254 966 At
278 907 444 986 quominus
468 904 556 967 dieas
577 903 758 986 Argolicum
781 910 900 964 tantum
931 902 1086 982 elipeum,
1121 900 1174 984 qui
1208 902 1259 965 hio
1279 918 1357 969 oum
1380 899 1445 961 soie
1479 926 1480 937 κ

206 1020 421 1094 comparetur,
451 1012 554 1074 fuisse
578 1012 766 1093 rotundum,
800 1016 823 1073 ii
844 1011 1054 1093 prohibebunt
1075 1011 1154 1091 loei,
1183 1010 1299 1090 quibus
1318 1009 1362 1071 de
1383 1009 1447 1069 eius

206 1122 282 1183 orbe
302 1137 406 1184 sermo
428 1129 491 1201 est,
514 1130 549 1184 ut
569 1123 612 1201 ΙΙ,
632 1121 704 1184 777.
728 1139 852 1205 angues

181 1295 186 1314 ¹
287 1230 354 1292 mro
372 1231 566 1312 pedibusque
586 1233 663 1292 deae
684 1232 881 1311 clipeique
900 1231 960 1291 eub
981 1232 1079 1292 orbe
1093 1235 1256 1313 teporatur,

211 1337 338 1399 Aenea
360 1337 402 1414 x,
422 1337 499 1399 ulo:
1366 1327 1369 1332 ·

286 1449 335 1508 Et
353 1453 452 1508 totum
474 1446 594 1524 clipei
610 1437 698 1524 ferro
718 1447 880 1507 deiecerat
899 1447 1035 1508 orbem.

206 1554 338 1618 Aeneae
359 1554 452 1617 hasta
472 1554 502 1615 in
524 1553 665 1614 'l'urnum
689 1553 787 1614 missa
809 1552 941 1614 reeludit
961 1554 1036 1634 ΧΙΙ,
1057 1553 1136 1620 925:

532 1678 672 1756 Clipei
691 1684 851 1738 eolremoe
873 1678 1085 1755 septemplicia
1104 1682 1228 1741 orbis.

202 1804 327 1870 Deinde
346 1804 670 1886 animadvertendum,
693 1805 826 1884 elipeum
841 1805 926 1866 corio
942 1805 1062 1865 taunno
1087 1821 1161 1866 esse
1184 1805 1445 1889 oongiutiuutum.
1482 1812 1483 1857 i

204 1916 304 1976 Bitias
327 1916 392 1994 ΙΧ,
412 1915 484 1976 706.
507 1932 569 1974 non
591 1912 711 1990 iaculo,
734 1912 792 1974 sed
813 1913 971 1993 phalarico
989 1913 1137 1991 fulminis
1159 1922 1232 1975 aeto
1254 1917 1345 1975 modo
1366 1931 1445 1974 ooo-

204 2021 323 2101 iieitur,
348 2040 433 2102 quae
462 2041 518 2102 per
546 2023 607 2082 duo
629 2029 741 2083 taurea
762 2030 852 2099 terpa
876 2022 1068 2102 loricamque
1098 2030 1253 2101 penetrat
1304 2021 1447 2102 Clipeurn
1483 2066 1484 2085 r

204 2137 331 2209 poetam
352 2131 381 2191 iu
403 2132 506 2193 auimo
528 2130 697 2209 habuisse,
721 2131 813 2192 vides
834 2133 902 2214 ix,
920 2131 999 2197 7091
1133 2113 1135 2117 ’

532 2266 581 2325 ut
600 2265 773 2341 elipeum
794 2272 1037 2344 superintonet
1058 2272 1181 2345 inpone.

206 2404 239 2457 et
260 2396 396 2476 elipeum
420 2391 555 2476 quidem,
580 2395 630 2476 qui
646 2393 769 2456 duobus
787 2398 865 2457 tauri
878 2400 979 2480 tergis
997 2401 1175 2462 constabat.
1219 2398 1449 2473 innumerus,
1484 2396 1485 2399 ’

205 2506 247 2567 ita
269 2504 432 2586 Vergilius
462 2522 519 2568 aes
542 2522 667 2585 quoque
689 2503 827 2566 adhibet.
871 2508 920 2567 lto
942 2509 1072 2570 Aeneas
1095 2508 1248 2570 Mezentii
1269 2507 1330 2588 ΧΙ,
1354 2505 1410 2568 10:

491 2646 494 2659 ¹
533 2637 850 2720 Clipeumqueere
872 2661 965 2701 aere
995 2646 1147 2727 sinistrae

286 2745 442 2826 Sublrpm.
600 2795 606 2818 ,

206 2857 338 2918 Aeneae
360 2855 454 2918 hasta
475 2857 519 2939 Χ,
542 2855 620 2918 3363

538 2965 659 3026 Volane
680 2964 804 3042 clipei
823 2969 1061 3028 transverberat
1080 2988 1182 3029 uero
1272 2992 1275 3001 ¹

288 3069 445 3130 Maeonio.

208 3175 363 3256 Cupenoo
385 3178 459 3255 ΧΙΙ,
482 3177 560 3238 541ε

412 3285 483 3346 Nee
504 3292 617 3349 misero
639 3290 764 3366 clipei
785 3310 874 3350 moro
894 3290 1017 3368 profui!
1038 3293 1158 3353 aerei.
1184 3324 1193 3377 ¹·

207 3391 323 3470 Neque
339 3411 379 3452 ex
391 3390 440 3452 his
456 3393 565 3462 solum,
589 3393 645 3456 sed
670 3396 753 3457 ferro
776 3397 884 3476 etiarn,
906 3415 968 3476 quo
992 3395 1151 3458 Homerus
1172 3396 1334 3472 abstinuit,
1359 3407 1446 3480 poeto

208 3497 298 3580 fingit
319 3498 455 3562 Pallanti
475 3499 518 3581 X,
541 3501 615 3563 482:

159 3610 161 3619 '
457 3683 461 3692 Ι
539 3609 734 3688 clipeum,
770 3620 815 3673 tol
832 3614 942 3692 ferri
962 3618 1063 3691 terpo,
1085 3617 1278 3694 intueris,

290 3713 370 3775 Cum
388 3715 483 3792 pellis
504 3721 618 3778 totiena
640 3721 729 3779 obeat
750 3722 945 3784 circumdato
966 3722 1081 3779 tauri.

210 3815 300 3880 Loco
321 3818 394 3880 ferri
417 3819 510 3883 linum
534 3822 651 3884 etheo
674 3824 812 3886 Homero
837 3823 1019 3904 inauditum,
1043 3825 1128 3886 dedit
1150 3825 1306 3886 Mezentii
1327 3827 1440 3907 olipeo,

209 3923 239 3986 in
263 3943 357 4006 quem
379 3927 510 3992 Aeneae
531 3929 625 3991 basta
645 3931 743 3992 missa
765 3932 810 4011 Χ,
830 3929 909 3992 783ε

883 4041 949 4103 Illo
969 4062 1028 4119 per
1048 4046 1180 4105 orbem

270 4136 400 4220 *Aere
425 4162 532 4206 eooom
554 4147 681 4224 triplier)
699 4169 760 4228 per
779 4150 808 4210 li
814 4169 885 4211 neo
907 4158 1008 4233 terpo,
1030 4154 1193 4232 tribuoque

300 4246 444 4309 Transiit
462 4255 621 4315 laterclum
641 4263 778 4319 tauris
799 4280 888 4337 opus.

210 4377 262 4474 lie
282 4397 343 4460 quo
364 4399 405 4442 ne
429 4380 575 4447 Servium
599 4389 743 4470 sequaris
772 4391 992 4455 hariolantem:
1031 4394 1141 4476 „Lino
1162 4393 1245 4454 enim
1265 4392 1447 4474 tegebantur

213 4496 323 4570 scuto,
345 4494 379 4548 ut
401 4492 505 4568 possit
523 4491 685 4557 inhaerere
707 4496 867 4577 pictura.“
903 4501 1021 4582 Neque
1042 4501 1124 4562 enim
1146 4499 1186 4562 de
1208 4509 1312 4577 scuto,
1332 4519 1393 4562 nee
1412 4495 1446 4558 de

213 4598 338 4675 pictura
366 4595 499 4677 loquitur
527 4607 621 4678 poeta
634 4644 644 4681 ,
673 4601 731 4664 sed
763 4603 902 4668 ordinem
927 4608 1086 4688 explieat,
1117 4627 1178 4689 quo
1202 4607 1334 4666 Aeneae
1353 4607 1445 4666 telum

127 4713 129 4721 ’
214 4702 358 4786 singulas
374 4707 550 4786 tegumenti
559 4706 659 4768 series
680 4712 884 4789 percusserit.
926 4714 1067 4777 Primum
1088 4716 1171 4776 enirn
1193 4713 1225 4776 id
1246 4719 1296 4776 est
1312 4711 1447 4774 exterius
