3000 5184
174 241 389 328 Vergilius
411 241 506 325 quid
527 214 573 306 do
594 243 686 325 deo,
709 232 872 326 mundo,
893 243 984 306 fato
1004 246 1197 308 senserit
1261 245 1323 310 137

73 430 129 511 X,
151 426 225 490 11³:

161 536 248 598 Fato
267 540 350 598 oium
371 539 540 597 invenient.

67 643 200 706 Verum
220 644 303 707 tales
326 644 473 724 loquelae
494 643 632 704 leviores
654 650 763 722 erunt,
799 642 827 703 si
849 659 910 702 non
932 661 951 702 e
971 649 1061 704 certa
1077 643 1216 725 quadam
1239 643 1317 710 doo-

66 753 166 822 trina,
193 752 253 813 sed
276 771 295 812 e
316 753 442 832 poetica
463 759 582 814 tantum
604 748 755 812 facultate
778 753 932 824 oriantur,
955 753 1088 833 gravius
1109 751 1200 829 iilud,
1227 754 1321 834 qnod,

65 880 169 944 quum
193 880 286 923 omne
306 881 434 924 carmen
455 861 658 922 Homericum
681 859 813 922 deorum
833 859 1013 938 voluntate,
1036 861 1148 922 summi
1171 881 1321 944 praeser-

64 970 129 1031 tim
151 969 288 1031 numinis
309 970 399 1031 iussu
419 971 610 1049 monitisque
633 969 766 1045 nitatur,
796 971 864 1032 vita
892 978 929 1030 et
953 969 1037 1030 actio
1064 972 1165 1032 omnis
1191 990 1211 1033 a
1241 973 1320 1034 iove
1434 982 1436 986 ’

64 1097 202 1158 sempor
222 1079 354 1160 vigente
374 1077 603 1158 proficiscatur,
614 1075 777 1139 Romanus
800 1085 894 1158 poeta
908 1097 965 1158 per
977 1079 1132 1158 integram
1145 1081 1320 1145 Aeneidem

64 1177 267 1268 potestatem
301 1185 456 1266 quandam
479 1203 610 1248 caecam
632 1186 735 1247 omnia
756 1193 925 1269 agentem,
957 1195 1135 1247 moventem
1157 1185 1320 1253 diffuserit.

67 1295 147 1374 Qua
187 1295 305 1360 factum
347 1304 414 1377 est,
459 1304 492 1356 nt
532 1295 584 1376 qui
617 1303 773 1355 summum
816 1295 942 1356 viduatis
982 1295 1143 1372 exemplar
1183 1297 1320 1376 prodere

66 1401 213 1466 debebat
235 1407 377 1479 Aeneas
397 1421 493 1484 quom
516 1423 576 1464 non
597 1403 644 1464 sui
666 1402 766 1482 ipsius
786 1403 882 1463 animi
903 1407 1016 1484 vigore
1030 1401 1215 1482 impellatur,
1236 1403 1318 1466 deo-

65 1533 141 1575 rum
176 1531 304 1592 semper
342 1507 466 1573 numina
475 1556 485 1588 ‚
525 1511 591 1573 iata
626 1511 783 1593 appellet,
819 1511 902 1572 iusto
936 1511 1065 1572 debilior
1101 1519 1134 1572 et
1171 1509 1321 1572 infirmior

65 1621 181 1682 factus
199 1621 252 1696 sit,
272 1637 366 1700 quem
390 1638 467 1679 voro
487 1611 583 1699 poeta
603 1617 673 1700 ipse
695 1625 729 1680 ut
751 1617 845 1678 deum
868 1627 1116 1700 contemptorem
1139 1621 1228 1700 quasi
1243 1629 1319 1685 nota

66 1729 211 1812 quadam
251 1730 330 1790 inuri
362 1747 481 1809 passus
512 1737 560 1788 et
570 1701 588 1810 ,x
621 1729 746 1788 Turnus
774 1726 825 1786 vir
853 1745 967 1787 revera
997 1726 1107 1806 fortis,
1141 1730 1318 1809 animosus,

66 1841 126 1917 qui
158 1835 307 1899 adversis
338 1837 431 1896 rebus
460 1835 606 1896 humanis
633 1843 770 1896 mentem
801 1833 966 1895 infractam
995 1843 1146 1917 opponat,
1170 1837 1319 1898 evaserit

64 1947 104 2006 15
128 1946 314 2007 universum
337 1965 416 2006 vero
438 1945 553 2023 omnia,
577 1962 658 2024 quae
671 1963 727 2023 per
748 1943 811 2004 hoc
832 1962 960 2005 carmen
979 1943 1062 2006 felici
1073 1961 1144 2006 cum
1162 1959 1318 2006 successu

61 2061 236 2136 geruntur,
259 2071 458 2134 nequaquam
479 2053 639 2115 hominurn
660 2053 787 2114 arbitrio
810 2061 842 2114 et
856 2054 928 2114 nisu
949 2053 1047 2133 fiunt,
1068 2051 1126 2114 sed
1149 2073 1167 2114 c
1188 2052 1318 2114 deorum

62 2172 148 2224 nutu
176 2160 332 2241 pendent3
369 2180 450 2243 quae
475 2160 709 2238 infelicia,sex
737 2159 943 2222 humanarum
970 2161 1082 2222 virium
1118 2163 1317 2224 contentione
1353 2174 1355 2181 “
1420 2157 1424 2162 ’

63 2271 213 2332 oriuntur
240 2277 273 2330 et
294 2267 476 2333 conduntur.
520 2267 642 2346 Quodsi
663 2268 858 2348 singulorum
879 2267 1027 2330 librorum
1049 2269 1163 2330 seriem
1185 2271 1318 2332 evolvi-

63 2397 161 2458 mus,
199 2376 370 2458 nonaginta
398 2377 465 2438 iere
491 2376 570 2437 locis
597 2376 697 2455 satum
728 2374 781 2435 vel
808 2384 1016 2461 memoratum
1043 2375 1098 2437 vei
1124 2376 1316 2439 advocatum

62 2487 227 2550 videmus.
271 2485 322 2548 Cf.
347 2483 441 2561 1,“18.
463 2482 513 2546 33.
536 2482 586 2546 39.
606 2483 679 2546 305.
700 2481 772 2548 239.
793 2482 864 2544 257.
886 2483 957 2545 267.
979 2481 1050 2545 383.
1082 2484 1154 2544 546.
1187 2485 1238 2565 11,
1270 2485 1316 2563 13.

60 2597 116 2660 34.
140 2597 191 2656 54.
217 2595 283 2657 lat.
306 2593 376 2656 194.
397 2593 467 2655 746
489 2591 560 2658 257.
581 2592 652 2654 994.
674 2589 746 2654 433.
768 2591 838 2653 738
861 2594 924 2667 111,
951 2592 980 2653 7.
1007 2594 1037 2654 9.
1067 2591 1114 2654 17.-
1143 2590 1215 2654 337.
1242 2592 1316 2659 375.

61 2707 139 2770 395.
162 2705 223 2780 IV,
242 2703 313 2765 775.
334 2702 404 2764 519.
424 2702 494 2764 614.
515 2701 586 2764 651.
608 2699 652 2774 V,
674 2699 746 2764 769.
767 2699 838 2760 798.
873 2700 940 2773 Vl,
962 2697 1034 2760 376.
1054 2700 1125 2762 499.
1148 2701 1219 2760 449.
1240 2701 1312 2767 461.

62 2816 139 2879 466.
171 2812 244 2876 683.
274 2812 346 2876 879.
372 2810 443 2874 883.
473 2811 554 2892 vll,
587 2810 637 2872 50.
664 2807 735 2873 asi.
765 2809 836 2875 739.
863 2809 935 2872 m.
964 2809 1034 2873 794.
1055 2810 1126 2872 314.
1149 2808 1222 2869 584.
1242 2807 1315 2884 591,

62 2921 161 3000 vill,
190 2919 235 2981 17.
258 2915 326 2980 133.
349 2917 419 2978 393.
441 2915 510 2978 334.
531 2915 601 2979 381.
623 2913 694 2978 398.
716 2915 787 2976 477.
809 2915 879 2977 513.
901 2917 962 2999 IX,
984 2916 1035 2977 94.
1060 2915 1129 2983 167.
1153 2917 1221 2984 135.
1245 2919 1315 2981 137.

60 3027 138 3092 643.
164 3025 215 3104 Χ,
244 3026 295 3090 35
324 3022 476 3088 67169.
501 3025 570 3088 113.Ι
594 3024 662 3088 154.
686 3025 757 3088 438.
779 3025 851 3088 467.
871 3025 941 3087 471.
965 3025 1038 3089 561.
1059 3027 1130 3089 673.
1151 3027 1316 3111 555746.

59 3137 139 3201 743.
160 3137 234 3200 814.
257 3137 314 3209 xl,
337 3135 388 3199 96.
412 3134 480 3198 119.
509 3133 957 3216 coattestantur,
981 3133 1049 3201 111.
1071 3135 1139 3198 147.
1163 3137 1316 3205 156395.

59 3245 137 3310 610.
166 3243 238 3312 676.
266 3243 338 3314 736.
370 3242 542 3308 795819
573 3241 635 3304 877
670 3242 741 3304 919.
784 3241 866 3304 nato
896 3244 980 3304 enim
1017 3241 1113 3306 'i'roia
1146 3249 1312 3332 evertitur,

64 3355 199 3415 Aeneas
226 3351 348 3415 ltaliam
377 3353 565 3424 accersitur,
599 3347 796 3430 Carthagine
817 3349 954 3428 peditur,
986 3349 1121 3414 Lavinia
1142 3355 1260 3417 coniux
1282 3357 1313 3419 ei

60 3462 264 3535 destinatur,
286 3459 479 3534 Mezentius,
498 3461 624 3521 'l'urnus
647 3456 698 3519 aiii
721 3465 854 3519 mortem
876 3457 1052 3538 inveniunt,
1074 3459 1118 3520 ita
1140 3468 1193 3540 ot,
1216 3460 1311 3541 quid·

61 3568 141 3652 qnid
169 3567 211 3629 dii
239 3567 446 3648 hominesque
467 3574 576 3648 agant,
605 3583 666 3627 non
698 3565 821 3644 possint
853 3583 916 3624 non
951 3562 1123 3644 adimplere
1142 3565 1312 3632 fortunam.

62 3675 194 3755 Quodsi
217 3693 294 3736 vero
315 3673 516 3755 quaerimus,
546 3671 630 3734 unde
652 3671 735 3758 haec
764 3672 814 3732 vis
843 3678 986 3750 emanet,
1010 3690 1072 3731 non
1094 3670 1308 3756 dubitandum,

60 3788 139 3867 quin
164 3803 206 3846 ex
226 3785 294 3862 ipso
317 3781 377 3846 deo
399 3782 452 3844 vel
473 3779 758 3842 ordinemundano
781 3780 811 3840 in
835 3779 1011 3860 semetipso
1034 3779 1185 3842 concluso
1208 3789 1313 3854 omnia

60 3901 154 3954 certa
182 3899 214 3951 et
240 3888 306 3951 fixa
333 3889 386 3950 via
414 3889 599 3972 rationeque
628 3887 755 3966 prodire
787 3885 953 3967 oporteat,
984 3894 1080 3966 poeta
1103 3906 1182 3951 vero
1203 3903 1313 3965 vatum

60 4018 154 4060 more
175 3995 215 4060 ad
238 3998 326 4076 ipsos
347 3997 418 4058 illos
440 3995 529 4070 deos,
550 4013 629 4076 quos
651 3996 785 4076 populns
807 3993 943 4072 colebat,
965 3992 1124 4067 hominum
1145 3999 1312 4070 vicissitu-

60 4108 155 4170 ornes
177 4102 383 4182 transmaria
404 4103 445 4167 aa
466 4105 576 4167 nvem
599 4101 808 4185 praesertim,
832 4085 1054 4177 51111375
1114 4156 1117 4160 Α

554 4211 611 4274 Sic
626 4215 700 4292 fcta
722 4198 814 4274 deum
834 4231 897 4272 reo·

149 4323 314 4408 Sortitur,
336 4326 489 4406 maeque
510 4327 615 4404 515555
635 4327 664 4384 io
686 4327 819 4384 vertitur
838 4324 925 4384 ordo.

61 4433 122 4510 IV,
143 4431 222 4494 614:

145 4542 194 4604 Et
212 4546 347 4623 stofola
367 4544 452 4604 Iovia
470 4547 618 4622 poscunt,
638 4540 692 4600 liic
711 4542 866 4600 terminus
887 4540 1009 4607 haereti
1086 4603 1090 4608 ,

63 4653 209 4734 luppiter
229 4650 350 4714 Veneri
371 4653 395 4728 l,
414 4650 496 4716 257:

601 4732 738 4795 Manent
757 4735 886 4794 immota
907 4739 1034 4803 tuorum
1145 4802 1189 4837 ΙΙ.
1283 4738 1286 4747 ’

146 4816 232 4881 Fata
251 4820 319 4892 titt„
