3000 5184
583 229 640 300 ‘ne
661 191 747 306 diis.
1240 250 1301 314 na

47 415 90 476 ab
113 415 172 490 iis,
205 414 321 496 quihus
343 433 488 478 summus
510 417 560 480 iile
582 419 674 483 deum
698 421 920 506 hominumque
940 436 1048 507 sator,
1076 429 1132 494 reti
1154 432 1300 496 conditor

49 533 85 584 et
110 533 271 599 servator,
300 525 427 605 qualem
451 525 543 589 modo
572 527 724 602 vidimus,
755 529 966 607 adumbratur.
1016 538 1166 600 Attamen
1193 543 1301 602 omnia

46 632 103 692 iiia
125 632 327 712 lineamenta,¹
353 652 435 714 quae
457 638 527 696 eius
549 645 692 700 naturam
714 639 869 724 efficiunt,
891 647 948 706 vix
970 645 1117 708 differunt
1137 665 1157 710 a
1178 647 1299 729 vulga·
1417 623 1424 636 x

45 741 137 802 ribus
160 742 223 802 this
245 743 421 825 solitisque]
470 745 553 807 Fixa
580 750 662 809 euim
693 753 802 811 estin
829 761 995 831 poetarum
1025 753 1299 836 descriptionibus,

47 869 135 930 quae
169 855 202 912 in
231 851 346 914 tabuiis
376 854 553 935 statuisque
581 855 727 936 gravitas
749 877 919 939 expressa,
950 874 983 923 et
1008 863 1115 924 vultus
1132 867 1300 927 'maiestas

46 957 212 1038 Epithetis
233 957 273 1019 ab
296 958 355 1020 iliis
377 969 504 1022 ornatur
535 966 658 1040 monui,
687 971 813 1043 eumeni,
843 972 1074 1052 omnipotentie,
1095 963 1299 1048 ruberrumi,

50 1071 161 1146 aequi,
179 1069 254 1144 feri,
275 1072 370 1147 repis,
393 1076 428 1130 ut
450 1069 571 1150 capillis
587 1071 617 1132 in
633 1071 736 1133 fronte
752 1073 894 1149 horridis,
917 1076 1174 1161 nominaveris,
1198 1099 1301 1142 mem·
1405 1090 1407 1103 '

48 1175 117 1234 bris
141 1173 332 1236 fortioribus.
376 1176 497 1239 Notatu
527 1177 652 1258 dignius
675 1179 759 1260 quod
779 1182 893 1262 tripiici
914 1185 1098 1263 praesertim
1121 1188 1247 1249 nomine
1269 1196 1301 1248 et

48 1283 182 1344 numine
204 1291 321 1346 exstat
354 1284 478 1344 Primus
501 1293 551 1346 est
569 1285 643 1356 xit,
672 1286 739 1348 141.
758 1291 986 1367 recreaberis,
1004 1290 1047 1373 Χ,
1071 1294 1118 1355 18.
1139 1296 1302 1360 homiuum

49 1413 227 1474 rerumque
248 1367 377 1454 aeterno
395 1401 537 1472 potentes
556 1396 599 1470 X,
629 1395 700 1458 101:

263 1503 314 1562 Eo
336 1505 455 1563 dicente
479 1505 570 1563 deum
592 1505 702 1564 domus
724 1505 792 1566 olto
811 1507 940 1578 aikecit,

141 1607 188 1682 ΕΙ
206 1611 393 1688 tremefactu
415 1610 482 1670 solo
505 1611 608 1684 telino,
632 1612 707 1672 silet
726 1613 849 1674 arduus
869 1617 989 1686 aether,

142 1717 222 1778 Purra
244 1716 389 1795 Zephyri
405 1737 550 1794 posuere,
570 1724 687 1795 premit
703 1719 831 1798 placido
851 1741 989 1801 aequora
1008 1732 1157 1801 pertines

53 1824 111 1885 iiie
142 1837 211 1910 est,
246 1827 299 1908 qni
327 1828 446 1889 Veneri
472 1831 612 1909 querenti
639 1829 716 1890 libro
746 1830 847 1908 primo
873 1831 1002 1892 rotome
1017 1837 1160 1913 satorum
1180 1857 1302 1900 arcano

52 1943 178 2018 movet,
204 1937 397 1998 Mercurium
421 1935 649 2018 Carthaginem
671 1939 775 2020 mittit,
807 1947 840 2001 nt
861 1941 1039 2004 Poenorum
1061 1943 1179 2011 fernme
1201 1948 1301 2010 corde
1356 1991 1359 1995 -

53 2042 203 2124 mitiget,
235 2043 288 2124 qui
312 2047 407 2122 serua
434 2049 539 2106 omnia
570 2047 677 2126 Arpos
711 2051 879 2111 transtulit
906 2051 945 2112 11.
977 2050 1069 2133 3⁸26„
1102 2060 1153 2118 cui
1174 2069 1301 2120 centum

53 2158 176 2238 templa
200 2157 239 2219 ab
264 2158 442 2218 Hammone
464 2165 537 2218 suut
558 2157 769 2237 concitatu,
794 2159 879 2240 1911,
909 2161 961 2241 qui
983 2162 1177 2226 Mercurium
1199 2165 1302 2229 denuo

57 2264 293 2349 Carthaginem
317 2265 409 2326 mittit
428 2267 490 2344 tv,
521 2265 605 2341 222„
627 2283 727 2328 naves
749 2284 769 2326 a
790 2246 973 2336 mutieribus
989 2270 1134 2332 'l'roianis
1152 2272 1302 2339 incensas

54 2375 192 2435 Aeneae
213 2375 355 2454 precanti
376 2376 465 2437 imbri
487 2379 587 2437 misso
609 2383 732 2448 seruat,
764 2376 1003 2456 Anchisemquo
1025 2380 1155 2442 consitio
1179 2379 1304 2464 docen-

54 2492 120 2545 tem
145 2482 380 2563 iegat,.uaves,
404 2481 516 2566 quibus
540 2481 666 2544 Turnus
688 2479 801 2542 deinde
823 2482 925 2564 ignem
948 2483 1107 2560 iniecerat,
1140 2485 1168 2546 iu
1191 2487 1301 2568 Nym·

54 2592 191 2670 pharum
215 2607 349 2671 corpora
369 2591 546 2678 mutatle,
572 2592 648 2666 114,
673 2591 803 2655 deorum
825 2591 991 2653 concilium
1012 2603 1171 2656 convocat
1192 2595 1237 2676 X,
1261 2594 1301 2679 1.,

55 2699 263 2779 satorumque
285 2700 466 2762 universum
490 2698 630 2761 ordinem
652 2698 744 2780 regit.
766 2680 770 2686 ¹

99 2806 274 2869 Secundus
296 2817 347 2869 est
371 2808 722 2869 tererennanxvnvs.
742 2805 816 2878 VH,
839 2804 915 2866 799:

141 2918 371 2996 (brooeurnque
391 2920 510 2990 turrem,
531 2917 602 2994 quis
623 2915 811 2990 Iuppiter
830 2912 1034 2974 Anxurus
1054 2917 1141 2976 oreis

142 3020 313 3088 Praesident
333 3028 363 3082 et
381 3022 476 3080 viridi
493 3021 638 3095 pandens
661 3017 800 3078 Feronia
820 3017 901 3080 luco.

56 3131 213 3194 Ser'viusz
244 3129 360 3192 „Circa
386 3129 470 3190 hunc
496 3137 629 3190 tractum
653 3125 849 3207 Campaniae
869 3124 1031 3188 colebatur
1051 3144 1130 3208 puer
1150 3129 1300 3210 Iuppiter,

57 3245 113 3324 qui
145 3241 297 3300 Anxurus
326 3237 505 3318 dicebatur,
539 3239 631 3318 quasi
658 3222 734 3295 ἄνευ
762 3228 864 3316 ξυροῖς
882 3225 928 3312 (i)
950 3233 969 3294 i.
991 3255 1019 3296 e.
1041 3236 1111 3297 sine
1132 3243 1303 3324 novacula,

57 3355 135 3433 quia
165 3349 293 3408 barbam
315 3365 472 3427 nunquam
495 3344 631 3408 rasisset
652 3351 684 3404 et
705 3344 783 3405 luno
807 3345 918 3424 virgo,
949 3360 1031 3423 quae
1054 3345 1191 3408 Feronia
1212 3347 1304 3408 dice-

58 3453 188 3522 batur.“
232 3459 266 3518 ln
288 3475 380 3516 numo
403 3458 510 3538 gentis
534 3453 648 3514 Vibiae
669 3451 793 3514 Morelli
813 3451 908 3512 samii.
931 3452 1008 3515 Tab.
1030 3453 1062 3535 2,
1088 3454 1126 3514 tl.
1143 3464 1236 3537 caput
1252 3463 1304 3517 est

58 3567 242 3646 inscriptum
266 3566 430 3636 Pansa,
452 3563 552 3626 altera
573 3579 647 3643 pars
669 3559 760 3622 deum
780 3559 950 3619 iuvenilem
973 3559 1139 3623 sedentem
1160 3563 1304 3625 seminu-

57 3679 134 3742 dum
166 3677 322 3759 ostendit,
357 3675 469 3740 dextra
490 3683 652 3767 pateram,
672 3671 808 3747 ‚sinistra
834 3677 996 3750 sceptrum
1025 3678 1170 3751 tenente,
1201 3674 1306 3751 capite

57 3789 197 3862 radiato,
218 3786 379 3865 inscripta:
404 3781 535 3845 tovts.
560 3779 697 3842 AXVR.
721 3777 759 3840 C.
781 3775 944 3838 VIBIVS.
966 3774 1004 3838 C.
1028 3777 1064 3838 F.
1085 3778 1129 3838 Ν.
1150 3779 1305 3844 Putaruut

59 3899 204 3983 quidam,
226 3886 466 3968 huneeuudenr
489 3909 574 3969 osse,
598 3909 690 3971 quem
713 3883 847 3949 Ovidius
868 3883 958 3946 nost.
980 3884 1038 3966 111,
1060 3883 1131 3949 137.
1151 3885 1303 3953 describit

59 4013 241 4075 Veiovem:

143 4118 283 4199 luppiter
305 4124 356 4176 est
379 4113 514 4194 iuvenis,
537 4086 692 4172 invenires
713 4103 821 4184 aspice
844 4101 965 4183 vuitus,

226 4225 347 4304 Aspice
368 4220 481 4282 deinde
503 4233 638 4290 manum,
662 4211 792 4274 fulmina
813 4209 897 4271 nuile
919 4213 1036 4270 tenent.

60 4361 215 4421 Attamen
236 4355 381 4436 quamvis
403 4352 537 4414 alterum
558 4365 650 4409 unum
674 4342 761 4407 adsit
780 4342 928 4426 signum,
962 4357 1026 4420 quo
1053 4335 1095 4400 ed
1124 4335 1209 4400 bane
1227 4354 1306 4400 sen-

61 4467 193 4562 tentiam
213 4462 325 4526 adduci
347 4460 465 4542 possis,
489 4453 663 4520 differentia
685 4446 1025 4514 tamenmemorabihs
1045 4452 1164 4508 exstat.
1207 4446 1306 4508 'reste
1373 4454 1380 4463 '

62 4577 143 4638 enim
169 4570 273 4638 Gellio
295 4572 339 4652 V,
365 4570 419 4632 ta:
446 4566 678 4630 nSimulaerum
699 4593 737 4606 --
758 4559 820 4622 Dei
844 4557 992 4638 Veiovis,
1011 4553 1095 4638 quod
1112 4561 1164 4616 est
1178 4553 1209 4614 in
1223 4551 1305 4615 aede

63 4681 160 4761 [inter
192 4696 299 4743 arcem
331 4687 364 4740 et
395 4671 615 4758 Capitolium,
651 4668 692 4732 de
713 4687 776 4750 qua
802 4683 900 4747 supra
928 4663 1011 4744 dixi,
1041 4659 1179 4744 sagittas
1200 4668 1302 4742 tenet,

63 4795 242 4872 quaesunt
264 4785 409 4850 videlicet
432 4793 562 4868 paratae
584 4778 831 4845 aduocandum
875 4774 1075 4856 Quapropter
1103 4770 1186 4862 enim
1209 4765 1304 4830 deum
