3000 5184
191 217 257 280 aar
511 215 536 228 ''
567 191 1048 305 ⁴lletartarilruuautirpuis

277 402 331 464 ill.
374 401 570 464 l'ourrrvno
604 399 647 465 do
679 403 791 467 Aenea
826 423 954 487 quoqne
984 402 1206 487 praedicatur,
1242 421 1306 486 quo
1347 425 1444 468 nemo

192 513 235 585 (Ι,
254 511 345 591 545.)
381 513 460 574 dello
487 517 589 575 motor
610 519 642 575 et
658 519 767 588 urmie,
792 532 885 597 quem
907 495 1057 578 mirantur
1078 516 1158 592 (ΧΙ,
1184 515 1267 588 126.)
1289 515 1442 576 tetulo·

191 623 300 682 torum
326 620 446 703 gratia,
481 622 534 704 qui
558 641 648 685 arma
677 623 708 684 in
730 623 846 685 'l'roiae
874 622 1019 685 incendio
1040 624 1150 705 arripit
1168 625 1286 685 multos
1305 625 1440 686 occisu-

193 745 264 823 rus,
294 728 346 807 qui
377 728 518 790 'Burnum
546 730 693 793 trucidat.
735 729 788 793 Oi.
809 730 870 812 Xl,
891 729 969 793 283:

736 845 896 942 Experto
908 867 1035 940 credite,
1056 870 1197 944 quantus

271 969 313 1030 Iu
332 967 466 1043 elipeum
485 970 652 1049 adsumat,
675 987 736 1048 quo
758 971 883 1030 turbiue
903 975 1049 1050 torquent
1069 971 1205 1031 boatum.

193 1097 313 1160 Verum
342 1097 423 1160 enim
458 1116 535 1159 vero
559 1101 662 1162 acrius
693 1098 871 1180 dispicienti
903 1099 955 1161 illa
986 1099 1131 1187 maxime
1145 1097 1259 1162 deesse
1280 1100 1441 1165 videbitur

193 1203 263 1288 regi
290 1203 427 1266 'lroiauo
455 1205 566 1272 virtus
608 1205 733 1288 Ubique
762 1208 842 1269 euim
869 1226 932 1268 nou
953 1206 1054 1286 ipsius
1076 1205 1188 1269 merita
1208 1208 1363 1291 factaque
1386 1229 1439 1272 res

195 1309 235 1372 ad
273 1321 422 1373 eventum
445 1311 635 1393 perducunt,
658 1313 717 1377 sed
740 1313 869 1376 deorum
890 1317 1105 1394 interventum
1127 1316 1316 1378 lamentatur
1336 1319 1440 1380 inter-

150 1445 155 1450 ·
194 1423 372 1487 dumheros
384 1423 521 1488 feminae
535 1429 639 1509 potius
654 1447 754 1508 more,
777 1447 870 1511 quam
892 1429 1120 1514 viri-iguem
1143 1449 1199 1512 per
1217 1447 1321 1492 naves
1340 1447 1439 1510 spar-

194 1550 262 1593 sum
275 1535 414 1618 luppiter
426 1537 550 1616 pluvius
573 1539 841 1623 restinguit—in
861 1537 1002 1600 infernos
1024 1536 1106 1600 duce
1128 1539 1273 1600 fabuloso
1298 1536 1438 1620 quodam
1482 1551 1483 1560 ¹

118 1709 123 1724 Ι
194 1656 282 1702 ramo
303 1642 485 1726 descendit,
513 1646 632 1708 auxilia
653 1647 769 1727 ubique
790 1647 962 1728 conquirit,
992 1645 1138 1708 caelitum
1161 1664 1288 1726 semper
1309 1645 1438 1706 numine

193 1743 294 1808 iretus
317 1749 420 1810 omnia
441 1749 573 1830 perlicit.
615 1751 678 1815 Ubi
696 1752 845 1834 periculis
867 1752 1012 1836 cingitur,
1036 1751 1165 1812 aliorum
1189 1769 1284 1811 manu
1298 1750 1441 1829 eripitur.

195 1855 399 1940 Quantopere
422 1860 547 1921 'l'urnus
567 1851 679 1923 distat!
718 1859 828 1939 Quam
851 1859 941 1921 fortis
964 1860 1018 1921 ille
1041 1869 1136 1940 atqua
1164 1877 1258 1940 acer,
1294 1857 1351 1939 qui
1380 1837 1440 1935 suls
1483 1919 1484 1944 ἶ

194 1963 331 2044 quodam
351 1967 504 2047 impulsu,
532 1984 591 2028 sua
614 1967 658 2027 ira
679 1984 841 2028 accensus
861 1969 995 2046 patriam
1017 1975 1140 2048 terram
1156 1957 1358 2029 ab'advonis
1380 1959 1440 2029 de&

194 2073 339 2152 tendere,
366 2093 516 2154 sponsam
538 2074 598 2135 sibi
627 2093 644 2135 e
671 2094 764 2136 mauu
795 2077 921 2136 externi
949 2071 1109 2136 cuiusdam
1138 2072 1284 2137 aduenae
1304 2093 1440 2138 servaro

195 2182 339 2246 conatur!
382 2182 455 2244 Non
477 2182 602 2264 dubito,
632 2186 705 2265 quin
727 2190 823 2264 poeta
846 2186 916 2244 oum
939 2184 1077 2244 voluerit
1100 2183 1224 2243 macula
1247 2183 1355 2261 aliqua
1379 2201 1439 2242 no·
1484 2233 1485 2246 ,

196 2301 276 2372 tare,
298 2299 437 2353 attamen
457 2292 563 2353 evasit
584 2311 696 2353 revera
719 2311 781 2353 non
804 2290 930 2371 poetica
951 2287 1106 2370 quaedam
1128 2287 1316 2370 phantasiae
1342 2287 1437 2364 liotio,
1484 2289 1485 2340 i

195 2398 254 2461 scd
276 2399 333 2462 viri
353 2398 443 2460 fortis
472 2398 597 2482 irnugo,
627 2400 678 2480 qui
708 2402 889 2462 calamitate
910 2418 1012 2480 paene
1034 2403 1207 2480 oppressus
1229 2398 1369 2458 animum
1391 2397 1440 2457 in·

194 2507 414 2591 defatigatum,
435 2512 659 2580 inconcussum
681 2511 820 2574 exhibet.
864 2501 988 2588 Quodsi
1008 2509 1148 2569 'turnum
1171 2507 1292 2567 victum
1314 2505 1439 2584 palmas

196 2617 337 2680 tendisse
357 2620 439 2696 xli,
463 2618 535 2682 936.
557 2628 681 2702 narrat,
703 2639 799 2702 quum
821 2637 884 2679 uon
905 2619 1077 2679 conveniat
1098 2614 1181 2676 omni
1202 2613 1271 2676 eius
1294 2631 1438 2674 consue·
1485 2659 1486 2714 ζ

196 2725 295 2788 tudini
320 2736 352 2789 et
374 2726 481 2813 indoli,
497 2731 595 2793 leotor
617 2738 731 2811 poetae
753 2727 846 2790 fldem
869 2725 1013 2807 derogat.
1056 2722 1210 2787 Camillae
1232 2736 1362 2801 quoque
1386 2725 1437 2782 vi·
1485 2715 1486 2724 ’

195 2836 314 2917 reginis
344 2837 478 2903 andacia
505 2848 538 2901 et
567 2837 718 2900 fortitudo
749 2837 874 2898 lolioius
906 2835 1036 2898 carmini
1063 2832 1191 2896 videtur
1213 2848 1287 2893 osse
1308 2833 1438 2894 intexta.

196 2943 345 3006 Ceterum
373 2945 583 3027 descriptione
612 2943 768 3007 interdum
799 2944 1000 3006 ornatissima
1032 2960 1114 3006 usus
1144 2950 1194 3005 est
1221 2939 1389 3022 Vergilius
1409 2941 1438 2998 iu

195 3051 330 3133 simplici
357 3061 389 3113 et
418 3051 559 3115 infucata
589 3053 642 3114 illa
664 3051 862 3133 antiquorum
884 3051 1069 3133 populorum
1092 3050 1208 3111 virtute
1229 3043 1438 3110 describenda

195 3177 228 3220 v.
250 3179 282 3242 g.
304 3177 397 3241 quam
419 3161 587 3223 Numanus
609 3158 719 3223 laudat
740 3160 890 3222 italorum
912 3159 977 3241 lX,
998 3158 1079 3223 ottae

276 3294 403 3357 nurum
425 3295 463 3354 ab
484 3296 583 3370 stirpe
600 3312 705 3371 penus
726 3299 819 3352 natea
840 3293 882 3353 ad
899 3297 1034 3372 flumina
1052 3296 1190 3370 primum

275 3403 460 3482 Deserimue
479 3421 634 3480 eoeoopue
653 3401 729 3478 peto
750 3403 904 3461 dacremus
925 3407 958 3461 et
976 3401 1092 3478 curtim

281 3509 407 3570 Veneta
428 3509 597 3585 incipilaut
614 3511 722 3585 pueri,
745 3508 907 3587 siluasque
921 3509 1084 3584 fotique&

276 3619 422 3683 Flectere
443 3621 540 3682 tuum
562 3639 659 3699 epum
680 3626 713 3680 et
731 3619 856 3698 epicteto
878 3621 1007 3680 tendere
1029 3637 1138 3680 cornu.

277 3728 324 3791 At
340 3731 467 3806 potiens
486 3745 616 3802 operum
635 3745 795 3806 parcoque
817 3728 951 3786 edoceto
971 3729 1119 3787 incertius

277 3840 347 3902 Aut
366 3842 482 3900 reatris
504 3845 622 3898 terrum
642 3839 756 3908 domat,
780 3845 838 3900 aut
856 3844 959 3919 quatit
978 3842 1092 3918 oppida
1111 3838 1190 3900 detto
1212 3881 1220 3896 .
1244 3880 1251 3896 .
1271 3879 1284 3902 .
1308 3881 1317 3898 .

198 3990 301 4054 usque
322 3969 363 4034 ad
385 3991 416 4032 v.
442 3969 513 4034 613»
556 3971 679 4035 ltaliam
702 3969 865 4053 praedicat
889 3969 1011 4056 Georg.
1033 3974 1074 4054 ll,
1102 3970 1179 4037 167:

275 4104 365 4166 Haeo
385 4125 489 4182 pertua
508 4125 581 4166 nore
601 4108 714 4173 airum,
737 4104 870 4164 Marem
889 4106 1062 4184 pubemque
1083 4103 1259 4180 Salonam,

278 4212 516 4294 Adsuetamque
536 4213 618 4274 mole
641 4213 806 4290 Ltpurem,
835 4214 1026 4295 Volscosque
1046 4220 1174 4276 aeratos

276 4321 420 4397 Extulit,
440 4321 519 4382 hoec
539 4321 666 4403 Demea,
688 4310 818 4408 Metine
840 4341 1034 4405 mopuoeque
1055 4324 1216 4388 cantuae.

197 4445 241 4522 11,
261 4443 339 4510 twa

168 4541 172 4545 ¹
278 4553 482 4634 (impuroque
502 4559 624 4631 apreeti
641 4559 768 4618 audant
783 4558 945 4636 praeduro
962 4556 1133 4634 palestrae.

196 4663 406 4744 Temporibus
433 4665 555 4726 luxurie
581 4668 794 4732 marcentibus
813 4676 928 4751 poetae
949 4668 1025 4733 talia
1046 4675 1153 4732 amant
1174 4677 1207 4733 et
1227 4688 1305 4752 prae
1327 4683 1364 4734 aa
1384 4663 1432 4726 ft·

197 4779 268 4832 runt
290 4770 417 4850 priscae
440 4771 564 4832 virtutis
590 4776 744 4854 exempla.
