3000 5184
372 289 428 349 lle
451 286 562 349 orbis
584 286 819 349 condendae
840 308 955 354 inore.

3 471 77 552 ¹X,
104 467 176 534 822.
201 479 233 533 et
257 470 331 549 xli,
353 471 432 534 θῶς

120 577 169 637 ΕΙ
185 579 286 658 storiis
306 582 493 655 epitatus
513 595 602 637 aanor
621 583 654 637 et
673 583 804 639 conscia
824 583 935 642 obius.
980 618 983 622 -

26 709 151 774 Horat
174 711 245 774 Sat.
267 712 309 794 11,
332 711 365 794 3,
388 713 464 778 135:

121 840 172 899 Ac
192 858 256 906 non
276 849 351 903 ante
374 839 667 906 malisdcmeutem
688 850 794 904 actum
818 841 934 902 Furiis.

27 968 195 1034 German.
216 972 307 1034 Arat.
326 971 406 1036 5⁷5:

117 1101 291 1184 Ganganon
313 1113 367 1168 aut
386 1101 455 1186 lda,
468 1107 659 1188 ¹Superisve
677 1080 822 1187 agitatus
844 1104 1009 1187 Olympus.

25 1210 77 1271 ita
98 1217 138 1272 ut
158 1210 332 1294 ablativus,
353 1215 405 1296 qui
427 1211 500 1277 huic
521 1215 621 1277 verbo
649 1215 802 1292 adiicitur,
824 1233 887 1277 uon
910 1216 984 1297 loci,
1007 1213 1068 1276 sad
1085 1214 1287 1279 instrumenti

25 1319 85 1380 sit.
122 1319 197 1382 Una
218 1329 320 1385 restat
339 1321 522 1385 difficultas.
555 1321 736 1402 Quaeritur,
759 1341 833 1385 num
849 1341 987 1386 scanne
1001 1324 1126 1404 possint
1143 1327 1287 1404 speciem

26 1429 161 1511 visam,
192 1447 259 1490 rem
283 1429 441 1490 obiectam
469 1428 661 1512 significare.
711 1431 845 1494 Nullum
874 1433 947 1493 olim
972 1431 1155 1511 exemplum
1177 1425 1288 1510 profe-

26 1534 136 1597 rendo
158 1552 217 1617 par
241 1553 336 1597 cram.
385 1534 453 1600 Sed
480 1549 607 1616 praeter
634 1553 783 1598 scaenam
802 1537 894 1597 dbis
914 1529 1058 1596 coruscis
1076 1536 1167 1616 opud
1184 1540 1287 1619 ipsum

29 1644 212 1706 Maronem
233 1642 346 1708 audias
366 1664 428 1706 uon
449 1647 626 1709 Ausonium
648 1646 774 1730 quidem
795 1648 922 1710 Mosell.
945 1647 1025 1711 318:

120 1777 196 1841 llos
218 1799 296 1863 ergo
320 1775 509 1846 authorum
529 1784 648 1844 similes
670 1793 721 1844 est
743 1782 875 1844 credere
895 1783 1024 1864 dignum

120 1887 294 1970 Belgarum
314 1891 345 1952 in
366 1892 460 1953 terris
481 1909 656 1954 scaenas
675 1895 829 1972 posuisse
850 1890 1025 1973 domorum,

120 1997 254 2060 Molitos
275 1997 380 2060 celsas
401 1997 491 2060 fluvii
512 1997 713 2062 decoramina
733 1998 836 2061 villas.

33 2135 91 2198 ubi
112 2135 199 2198 altas
221 2133 251 2194 in
274 2150 461 2196 scaenarum
484 2135 618 2197 formam
639 2133 737 2199 aedes
759 2133 1000 2219 significaturus
1023 2142 1090 2210 est,
1127 2131 1186 2194 sed
1208 2100 1288 2195 Sta·
1313 2215 1322 2234 x

35 2245 118 2306 tium
141 2242 215 2305 silv.
238 2243 297 2318 lv,
320 2241 352 2326 3,
373 2242 434 2306 20:

249 2377 313 2440 Hic
333 2377 504 2439 scaenis
525 2375 634 2460 populi
654 2379 725 2441 vias
745 2386 901 2463 gravatas

249 2487 294 2548 Et
316 2491 438 2568 campis
459 2487 517 2549 iter
538 2505 631 2548 omne
652 2486 831 2549 detinentes

252 2595 386 2682 Longos
408 2597 517 2660 eximit
539 2597 688 2682 ambitus,
710 2617 859 2679 novoque

252 2703 374 2766 iniectu
394 2702 510 2767 solidat
531 2721 650 2787 graves
671 2722 795 2768 arenas.

39 2879 76 2933 et
93 2889 160 2933 non
189 2869 342 2952 absimili,
374 2868 434 2932 sed
455 2870 518 2932 alia
548 2869 781 2953 significatione
812 2885 905 2932 usum
936 2867 1069 2931 Sueton.
1102 2868 1207 2953 Cslig.
1231 2870 1286 2932 15:

39 2977 117 3052 „Ad
140 2977 379 3042 transferendos
399 2982 511 3042 matris
542 2978 712 3061 fratrisque
749 2977 876 3040 cineres
905 2976 1069 3040 festinavit
1096 2985 1289 3058 tempestato

40 3083 181 3166 turbida,
202 3106 264 3170 quo
285 3091 392 3179 magis
415 3089 520 3169 pictus
542 3089 710 3151 emineret:
732 3088 871 3171 adiitque
892 3087 1141 3152 venerabundus
1167 3109 1208 3152 ac
1231 3110 1288 3171 per
1415 3142 1419 3151 .

40 3205 147 3258 semet
167 3194 201 3255 in
222 3212 320 3256 urnas
344 3195 492 3261 condidit.
533 3196 608 3257 Nec
627 3197 747 3259 minore
768 3215 919 3260 scaena
943 3197 1067 3260 Ostiam
1086 3195 1235 3280 praefixo
1256 3198 1288 3257 in

42 3305 175 3367 biremis
195 3323 300 3386 puppo
320 3306 439 3369 vexillo
462 3314 495 3368 et
515 3304 589 3367 inde
609 3305 746 3370 Romam
766 3308 872 3368 'liberi
892 3307 1069 3370 subvectos
1093 3328 1150 3390 per
1175 3309 1288 3389 splen-

43 3412 244 3476 didissimum
266 3431 422 3497 quemque
444 3415 602 3498 equestris
616 3411 735 3478 ordinis
756 3415 860 3478 medio
882 3435 921 3478 ao
932 3415 1086 3512 frequenti
1100 3415 1151 3476 die
1166 3412 1289 3476 duobus

44 3519 179 3585 ferculis
201 3519 369 3584 Mausoleo
390 3521 521 3584 intulit“
542 3523 594 3585 ubi
615 3541 763 3587 scaeua
783 3530 968 3604 apparatum
991 3523 1031 3585 ab
1051 3513 1195 3584 omnibus
1209 3537 1290 3582 con-

46 3637 197 3713 spectum
218 3627 344 3695 indicat.
367 3618 531 3693 Summam
551 3629 645 3714 igitur
681 3630 783 3692 omnis
809 3628 944 3692 huiusce
979 3629 1199 3710 disputationis
1220 3648 1291 3692 eam
1415 3631 1426 3645 '

45 3739 177 3822 habeto,
198 3735 347 3801 Orestem
362 3741 490 3800 scaenis
510 3739 529 3803 i.
545 3757 572 3800 e.
596 3739 733 3821 spectris
754 3736 907 3822 agitatum
929 3736 971 3799 od
990 3738 1145 3799 theatrum
1165 3755 1292 3819 nequa·

48 3865 143 3934 quam
165 3847 333 3930 pertinere.
355 3884 397 3897 -
526 3853 532 3871 “

133 3983 283 4048 Scaenae
314 3984 463 4068 antiquae
495 3983 731 4065 dispositionem
762 3984 794 4044 in
815 3983 870 4044 illo
891 3981 1034 4043 deludis
1063 3983 1198 4046 Caesari
1219 3983 1293 4048 Au·
1410 3962 1414 3974 ⁸

50 4099 147 4176 gusto
169 4089 372 4152 instituendis
392 4090 464 4153 loco
485 4087 605 4152 indicat
624 4097 720 4170 poeta
741 4081 863 4170 Georg.
885 4086 940 4159 ill,
962 4083 1018 4151 24:

136 4227 200 4290 Vel
218 4245 337 4288 scaeua
358 4231 397 4288 ut
414 4227 516 4286 oerstb
538 4223 681 4284 discedot
695 4223 870 4303 frontibus,
890 4228 988 4300 utque

130 4338 298 4414 Purpurea·
314 4338 434 4395 anteon·
452 4332 567 4396 tolhnt
586 4331 699 4392 aulaeo
719 4331 878 4391 Britanni

55 4497 189 4562 Servius
211 4493 345 4577 priorem
368 4505 499 4554 versum
521 4487 677 4572 explicat:
701 4489 852 4566 „Scaena
872 4495 988 4565 autem,
1011 4504 1097 4572 quae
1117 4488 1294 4569 debentur

56 4600 182 4670 versilis
203 4611 272 4664 erat
293 4609 347 4664 aut
368 4595 504 4662 ductilis.
526 4593 663 4661 Versilis
684 4601 763 4659 tunc
784 4603 866 4678 erat,
889 4609 986 4678 quum
1007 4598 1114 4660 subito
1135 4605 1201 4660 tota
1221 4605 1294 4660 mu-

57 4713 154 4778 obiuis
183 4700 373 4793 quibusdam
408 4702 656 4770 convertebatur
685 4713 717 4765 et
739 4702 830 4766 aliam
862 4702 1006 4785 picturae
1033 4704 1149 4767 faciem
1178 4709 1294 4766 osten·-

58 4817 166 4902 debat3
188 4812 316 4882 ductilis
339 4825 425 4898 tuno,
447 4825 542 4896 quum
562 4811 676 4875 tractis
700 4811 851 4875 tabulatis
872 4811 934 4876 bac
956 4819 1054 4894 atque
1072 4812 1145 4875 illae
1165 4810 1293 4893 species

1039 4925 1102 4988 aa
