3000 5184
415 185 471 250 llo
499 186 736 268 quaesitore
759 191 803 248 ot
826 183 975 250 iaiioa.
1261 185 1308 250 i!

62 365 148 448 quod
168 386 299 452 rognum
321 368 409 438 inira·
450 367 551 434 Porro
581 367 746 432 Anchises
762 367 906 430 Aeneam
927 366 996 448 Vl,
1023 364 1096 430 sta
1117 365 1302 450 mterrogat,

62 495 109 536 an
128 476 203 537 velit
223 478 375 544 animamt

148 583 271 646 Ultoris
293 583 389 646 Bruti
404 586 621 664 fascesque
647 584 928 659 assereremus.

61 689 113 754 De
133 689 260 756 bomine
280 692 325 756 rei
347 691 491 772 publicae
512 691 755 772 tempestatibus
771 707 841 775 ,non
853 689 974 772 agitato
988 685 1067 751 dicit
1077 696 1173 777 poeta
1185 686 1306 774 Georg.

63 797 95 862 ΙΙ
131 797 210 864 4952
1329 792 1333 797 '

97 843 106 874 ,
145 907 244 970 Illum
267 924 330 966 noa
348 907 460 988 populi
474 909 600 994 fascea,
623 925 687 968 non
706 923 853 983 purpura
878 921 991 979 requos

146 1015 270 1078 Fteeit.

64 1127 117 1190 ubi
138 1126 246 1218 populi
267 1126 376 1194 fasces
396 1127 597 1201 memberis,
620 1144 702 1210 quae
722 1143 820 1206 supra
841 1142 950 1205 regum
971 1137 1078 1209 mant,
1100 1147 1198 1210 qoam
1227 1145 1309 1192 can·

63 1232 186 1296 solatus
219 1233 259 1296 ab
287 1236 409 1320 origiue
442 1236 650 1318 magistratus
679 1234 774 1298 inerit
797 1232 910 1316 'populi
934 1233 1093 1299 adversm
1114 1255 1229 1320 regum
1247 1258 1311 1302 su-

63 1343 206 1428 perbiam
227 1353 363 1410 creatus
406 1347 458 1410 lix
479 1363 541 1426 quo
562 1346 634 1410 loco
655 1363 716 1411 soa
735 1345 856 1424 bausit,
889 1354 923 1410 ot
942 1345 1005 1408 boa
1023 1347 1126 1410 obiter
1149 1369 1308 1434 moneam,

62 1445 164 1516 iosos
184 1451 237 1516 ille
259 1451 431 1516 Vestritius
453 1453 613 1533 Spurinna
635 1453 675 1528 11,
698 1452 750 1518 ts:

236 1561 309 1624 Non
329 1561 414 1622 ilium
437 1560 580 1644 [popuii]
604 1561 744 1634 ibsoibm
765 1563 898 1631 minum

150 1669 271 1732 Versat
291 1667 437 1732 nobilitas
460 1667 551 1732 maia

643 1807 670 1874 t.
695 1801 742 1866 i3.

423 1931 483 1986 lle'
497 1931 735 2000 quaesitore
753 1938 795 1988 et
812 1933 960 1991 iudice.

149 2050 198 2112 De
216 2049 396 2113 criminibus
418 2051 602 2131 capitalibus
622 2051 814 2133 inquirendis
836 2055 959 2119 Romae
981 2069 1108 2139 praetor
1123 2070 1201 2122 ,erat
1219 2059 1305 2122 ¹con·

66 2159 220 2238 stitutus,
253 2162 308 2241 qui
332 2160 494 2240 quaesitor
520 2160 755 2244 sepeliebatur,
785 2161 879 2244 eique
897 2164 1032 2229 =vidatm
1067 2143 1164 2230 iudex
1186 2166 1314 2230 additus

68 2287 158 2346 esse,
179 2269 247 2350 qui,
269 2285 353 2350 quoe
375 2269 535 2351 quaesitor
557 2278 692 2348 eruerat,
714 2269 840 2351 legibus
859 2279 1106 2352 iampermaac
1119 2273 1315 2338 incusaret·
1422 2252 1425 2258 ¹

69 2378 174 2458 Quam
203 2380 247 2442 rei
274 2365 491 2443 condicionem
514 2379 652 2448 maxime
674 2379 822 2446 udonus
847 2401 870 2444 e
888 2382 1059 2446 Οίωιοώι
1084 2384 1178 2447 verr.
1202 2389 1232 2470 Ι)
1257 2388 1314 2450 10:

69 2493 172 2581 „Duo
194 2492 289 2576 igitur
310 2493 461 2554 consules
482 2499 517 2554 et
537 2490 750 2572 quaesitor
770 2498 860 2553 crunt
876 2509 919 2553 ex
940 2491 1214 2555 ioruvumnm
1241 2494 1317 2556 Non

68 2599 174 2662 solum
197 2596 399 2679 effugiemus,
421 2595 532 2682 inquit,
554 2595 711 2657 hominem
730 2597 762 2658 in
778 2595 959 2674 quaerendo
976 2597 1315 2682 ointunoittgentem

65 2707 196 2772 nimium
226 2711 419 2772 servientem
449 2709 554 2792 populi
582 2707 826 2785 existimationi,
847 2707 892 2770 Μ’
914 2705 1135 2772 Glabrionem:
1157 2775 1160 2782 ,
1180 2710 1317 2776 &cadet
1361 2787 1365 2793 ,

67 2815 160 2878 nobis
182 2817 277 2880 etiam
298 2817 384 2880 iilud.
427 2814 560 2880 ludex
586 2816 704 2880 ostili.
726 2813 924 2894 Caesonius,
949 2815 1075 2900 collega
1094 2818 1195 2881 nostri
1215 2836 1318 2882 acco·

67 2925 207 3012 satoris,
229 2927 323 2994 horno
345 2928 378 2993 in
400 2927 497 2990 rebus
516 2923 696 2990 iudicandis
716 2933 883 3010 spectatus
904 2933 939 2991 et
950 2929 1119 3010 cognitus:
1138 2945 1234 3010 quem
1253 2927 1318 2992 mi-

68 3034 154 3098 nime
176 3035 327 3120 expediat
349 3054 424 3100 esse
448 3035 540 3099 ineo
564 3033 716 3098 consiilo.
731 3030 823 3098 ....“
847 3033 909 3112 obi,
931 3033 987 3114 qui
1005 3033 1319 3104 Pseudo-Asconius

69 3141 167 3204 bodie
196 3142 390 3226 nominatur,
420 3137 659 3204 animadvertit:
701 3139 862 3220 „Praetor
899 3136 940 3202 de
969 3140 1115 3223 pecuniis
1140 3126 1334 3222 repetundis

70 3253 292 3352 quaestionem
313 3268 477 3336 exercens.
501 3250 584 3314 Nam
596 3251 718 3334 proprie
740 3249 941 3334 quaesitores
955 3249 1102 3313 dictumue
1115 3251 1319 3316 criminalium

69 3360 310 3444 quaestionum,
331 3367 366 3424 nt
388 3357 569 3442 Vergilius:
600 3355 773 3436 Quaesitor
796 3360 903 3422 iiirros
925 3378 1038 3433 urnam
1057 3353 1204 3422 movet.“
1226 3357 1321 3424 Adde

72 3475 209 3540 Varroo,
231 3473 269 3534 11·
281 3472 318 3538 Io.
341 3472 383 3538 V.
406 3478 433 3546 s.
455 3470 509 3534 Si:
531 3469 756 3551 „Quaestores
777 3487 798 3532 a
817 3465 1012 3552 quaerendo,
1033 3469 1085 3548 qui
1101 3465 1322 3547 conquirerent

72 3581 219 3668 publicas
242 3582 395 3670 pecunias
418 3587 449 3642 et
472 3577 643 3662 maleficia,
682 3595 765 3660 quae
785 3575 938 3638 triumviri
961 3575 1114 3656 capitales
1135 3588 1219 3636 nune
1240 3586 1322 3632 con-

72 3690 214 3774 quirunt3
235 3689 274 3752 ab
295 3687 345 3750 his
366 3701 499 3768 postea,
524 3686 577 3770 qui
601 3685 820 3765 quaestionum
841 3682 959 3746 iudicia
978 3689 1146 3755 exercent,
1164 3684 1320 3762 quaesto·

73 3817 128 3862 res
151 3793 259 3862 dieti.“
303 3795 410 3856 Manli.
434 3795 561 3856 Astron.
585 3792 628 3874 V,
655 3789 733 3856 409:

160 3902 331 3982 Quamque
353 3900 424 3965 iidie
446 3912 563 3986 magno
587 3898 766 3964 succedunt
786 3897 893 3960 sidera
914 3897 1048 3975 mundo,

164 4011 384 4090 Quaesitor
406 4010 563 4072 scelerum
583 4009 702 4088 veniet,
726 4005 909 4087 vindexque
929 4022 1075 4087 reorum,

159 4117 222 4196 Qui
244 4117 414 4182 commissa
436 4114 503 4176 suis
524 4113 685 4175 rimabitur
705 4113 919 4194 argumentis,

156 4228 194 4288 lu
217 4226 383 4306 lucemque
404 4223 509 4285 trabet
525 4222 626 4286 ¹tacito
647 4219 798 4282 laetantia
825 4215 949 4280 fraude.

79 4335 200 4400 Ar'nob.
229 4331 304 4394 adv.
332 4337 416 4412 gent.
445 4329 507 4408 iv,
530 4327 583 4390 16:
626 4327 718 4408 „Aut
745 4326 817 4408 quis
846 4326 1075 4406 quaesitor,
1113 4325 1182 4408 quis
1208 4306 1350 4388 arbiter'

77 4441 258 4512 cervicibus
279 4441 375 4504 tantis
399 4438 476 4513 erit,
510 4440 564 4519 qui
593 4437 672 4499 inter
700 4453 855 4516 personas
886 4432 1066 4495 huiusmodi
1093 4441 1147 4495 aut
1170 4432 1325 4494 vindicias
1410 4412 1414 4418 ⁸

77 4553 181 4612 instas
199 4547 289 4631 dare,
312 4555 366 4610 aut
387 4552 588 4608 sacramenta
609 4541 810 4625 pronuntiare
831 4559 893 4602 non
914 4539 1043 4606 iustam
1069 4539 1193 4618 Quibus
1210 4537 1330 4600 slecis

78 4663 150 4724 luce
176 4633 295 4724 clarius
322 4652 475 4737 eiilcitor,
489 4653 703 4734 quaesitorem
732 4647 836 4731 probe
863 4645 1119 4732 monogamum
1153 4662 1227 4707 esse
1253 4654 1327 4711 cta

81 4770 184 4834 iudice
207 4776 240 4829 et
258 4785 279 4828 a
300 4761 437 4826 vindice.
479 4760 583 4824 l'robe
604 4758 699 4842 igitur
720 4756 882 4842 intelliges
906 4758 987 4819 Aen.
1011 4756 1077 4837 Vl,
1100 4753 1181 4906 4²31*
