3000 5184
531 214 613 279 'ue
634 213 859 279 teneriora.
1258 205 1323 280 27f

76 394 289 459 calamna.
339 397 441 459 Varro
469 396 506 458 fr.
534 415 565 476 a.
592 396 671 463 374:
714 397 829 480 „dicim
862 397 1011 460 mutieres
1038 400 1074 460 in¹
1097 397 1262 480 exsequiis
1288 408 1321 459 et

73 505 168 568 luctu
189 504 259 567 ides
280 506 390 567 solitas
410 523 467 566 nra
487 504 644 585 lacerare,
674 516 707 567 at
725 505 882 590 sanguine
903 514 1034 568 ostenso
1056 503 1165 568 inferis
1186 507 1320 570 satista-

74 609 203 677 eiant“
246 613 379 676 Silentia
398 623 580 694 praetereo,
605 612 691 694 qnod
711 630 824 676 comae
845 613 877 674 in
892 585 984 676 ⁸luctu
1005 613 1138 695 pulvere
1158 631 1319 697 spargan-

72 730 131 782 tur
163 723 267 796 (Aen.
286 724 330 797 X,
349 723 422 784 844
445 721 529 798 xu,
552 722 654 801 611),
681 723 828 808 exempla
849 723 991 786 fortasse
1015 723 1132 784 Priami
1153 721 1325 784 Homerici

74 830 257 911 desumpto,
277 828 337 891 aad
357 837 531 891 memoratu
550 828 690 911 dignum,
710 829 795 912 quod
817 828 901 911 apud
916 831 1092 892 Homerum
1113 849 1176 892 non
1189 822 1320 906 legitur,

74 945 195 1000 vestes
213 936 330 1017 scindi,
350 936 424 1013 Xil,
447 937 532 1011 6092,

578 1048 612 1107 11
630 1051 768 1108 scissa
790 1053 900 1108 ueste
925 1046 1073 1108 Latiares.

73 1157 203 1218 Nuntio
224 1152 265 1217 de
286 1156 422 1218 navibus
444 1155 619 1217 combustis
640 1155 734 1217 allato
758 1157 803 1233 V,
834 1157 913 1218 685:
1013 1166 1014 1169 ’

165 1263 243 1326 tum
261 1267 338 1342 pius
358 1264 486 1325 Aeaeae
506 1268 625 1324 umeris
646 1265 879 1324 abscindere
899 1269 1060 1326 uestem.

74 1377 114 1435 ln
136 1372 288 1435 Caesaris
311 1374 423 1435 funere
451 1359 536 1454 apud
564 1373 696 1437 Sueten.
725 1372 775 1435 81
797 1373 941 1434 tibicines
962 1378 994 1432 et
1015 1368 1154 1433 scaenici
1175 1366 1324 1450 artifices,

74 1491 207 1562 vestem
230 1480 403 1545 detractam
424 1483 484 1544 sibi
504 1490 601 1563 atque
622 1482 841 1544 discissam
862 1480 998 1540 iniecere
1008 1479 1214 1540 flammea-
1228 1474 1317 1537 Lau-

77 1589 239 1652 dationem
261 1591 385 1652 soiitam
405 1590 535 1672 (Potyh.
557 1587 762 1670 V1,53,2.)
784 1587 919 1652 Pallanti
953 1588 1083 1648 Aeneas
1105 1583 1169 1658 XI,
1188 1578 1321 1643 ata-58.

74 1699 214 1779 perficit.
235 1727 276 1742 -·
306 1697 357 1760 Ad
379 1701 484 1778 ipsum
507 1715 618 1780 rogum
639 1696 768 1758 arbores
791 1693 1016 1756 adhibebantur
1036 1691 1164 1771 ferales,
1184 1706 1323 1769 cupres-
1360 1697 1365 1710 ’

77 1825 139 1869 sus
159 1824 237 1889 prae
250 1805 482 1888 omnibus„lli,
504 1801 561 1869 63:

138 1897 142 1902 ¹
619 1910 717 1973 Stant
736 1910 888 1978 Maar'baa
909 1929 996 1986 arae,
1125 1985 1130 1992 Ι

163 2022 328 2086 Caeruleis
348 2028 488 2084 maeatae
508 2024 595 2082 cittis
625 2027 758 2099 atraque
786 2038 987 2102 cupresso.
1058 2029 1061 2039 '

76 2153 135 2215 ubi
155 2155 307 2217 Servius:
344 2155 467 2235 „Moris
494 2161 601 2214 autem
628 2151 765 2214 Romani
786 2148 906 2232 fuerat,
939 2167 1059 2228 ramum
1081 2152 1223 2229 cupressi
1244 2158 1320 2212 ante

77 2264 207 2326 domam
228 2263 388 2327 funestam
411 2265 495 2344 poni,
516 2277 557 2324 ne
578 2263 741 2343 quiequam
766 2262 908 2342 pontifex
936 2280 993 2342 par
1014 2261 1223 2340 ignorantiam
1245 2259 1318 2339 pot-

77 2374 221 2436 lueretur
241 2374 438 2456 ingressus.“
480 2373 541 2454 Vl,
562 2371 647 2442 2142<

165 2481 329 2558 Principio
347 2486 499 2559 umquem
518 2484 650 2542 taedia
671 2489 704 2542 et
723 2482 865 2542 robore
884 2487 970 2541 aecta

166 2591 331 2666 lucentem
351 2595 502 2648 strauere
520 2607 643 2666 pyram,
668 2592 723 2649 cui
738 2588 910 2668 fraudibus
932 2591 1013 2648 atrio

88 2743 102 2762 .
166 2701 326 2759 Inteauat
344 2698 455 2770 latera,
476 2701 508 2754 et
525 2696 679 2775 feralia
699 2701 775 2756 aute
797 2713 1015 2772 cupressos

164 2806 375 2877 constituunt,
399 2807 611 2884 decorantque
631 2822 728 2880 nuper
744 2803 942 2882 fulaeatibue
964 2807 1071 2864 armis.
1138 2841 1151 2868 ι

80 2915 235 2977 Servius:
259 2912 467 2994 „cupressus
487 2911 651 2974 adhibetur
671 2909 713 2972 ad
734 2908 860 2982 funcra,
885 2911 937 2971 vei
958 2908 1041 2991 quod
1066 2926 1161 2971 caesa
1181 2928 1243 2984 non
1266 2931 1322 2972 re·

80 3015 225 3104 pullutat,
247 3023 300 3082 vet
322 3019 405 3102 quod
425 3040 481 3100 per
503 3039 573 3081 cam
594 3019 758 3081 funestata
780 3019 952 3081 ostenditur
963 3018 1086 3096 domus,
1108 3019 1191 3083 siout
1205 3020 1321 3085 laetum

80 3131 212 3195 frondes
234 3128 370 3190 indicant
391 3127 505 3188 festae.
548 3126 651 3189 Varro
673 3135 779 3190 tamen
802 3126 877 3189 dicit
896 3128 949 3202 (fr.
971 3148 999 3208 p.
1020 3126 1123 3211 374),
1141 3129 1322 3210 pyrasideo

81 3257 236 3320 cupresso
257 3234 445 3298 circumdari
465 3242 591 3314 propter
611 3253 744 3316 gravem
768 3237 910 3296 ustrinae
931 3233 1071 3316 odorem,
1096 3255 1135 3297 ne
1156 3255 1196 3297 ao
1218 3237 1323 3317 offane

82 3349 175 3411 datur
194 3347 301 3427 popuii
322 3343 555 3404 circumstantis
577 3338 731 3404 corona.“
774 3329 897 3405 'Eadem
930 3351 980 3404 est
1009 3344 1080 3405 sine
1109 3344 1203 3408 dubio
1227 3352 1324 3429 frona

79 3453 298 3538 fauerea1V‚
327 3451 400 3515 566.
432 3457 465 3512 et
491 3453 635 3512 obtentae
659 3454 787 3532 frondis
809 3455 875 3536 xl,
904 3455 956 3517 66.
997 3455 1091 3516 Aliae
1112 3455 1206 3519 etiam
1226 3470 1323 3536 supra

83 3571 300 3627 memorantur
321 3569 355 3622 et
375 3559 435 3637 Vl,
459 3558 534 3620 180:

168 3669 386 3736 Pronuntiare!
406 3674 568 3747 piceae,
593 3674 687 3727 acuat
706 3672 770 3726 ieta
793 3669 959 3729 securibus
979 3671 993 3727 i
998 3668 1076 3743 tea,

169 3783 479 3857 Fraeiueaeque
499 3778 604 3837 trabes
625 3779 735 3836 cuneis
756 3781 788 3834 et
806 3754 907 3853 fissile
927 3775 1046 3835 robur·

167 3891 345 3968 Scinditur,
367 3886 533 3946 adonimut
551 3889 689 3961 iaceatis
709 3886 868 3943 montibus
895 3901 1022 3948 ornos.

84 3999 196 4062 'l'aeda
219 4007 315 4079 atque
335 3995 405 4056 ilice
428 3991 509 4054 Dido
533 4009 659 4073 quoque
682 3991 778 4051 utitur
799 3989 860 4068 tv,
883 3989 963 4051 504:

153 4082 214 4176 xAt
234 4117 355 4191 recino,
373 4126 458 4187 pyra
477 4102 635 4182 penetrati
653 4106 688 4162 iu
708 4101 783 4160 aede
803 4102 861 4162 ereb
883 4119 983 4160 aurae

168 4222 287 4282 Ereeta
309 4220 432 4295 iacenti
452 4213 584 4274 taedis
605 4210 707 4288 adara
725 4208 799 4267 ilice
820 4214 917 4266 secta.

85 4332 137 4393 lta
157 4329 248 4408 picea
268 4322 347 4385 Pliu.
370 4323 412 4384 N.
436 4320 475 4385 H.
499 4316 593 4391 xvi,
615 4315 670 4377 18:
704 4312 854 4396 „Feralis
880 4312 972 4374 arbor
1000 4321 1033 4376 et
1054 4311 1177 4376 funebri
1196 4311 1321 4376 'indicia

87 4436 129 4500 ad
150 4433 237 4496 fores
260 4431 362 4512 posito
385 4447 425 4492 ac
448 4427 538 4509 rogis
557 4425 696 4487 virens“

169 4538 338 4602 cadavere
356 4536 388 4595 in
408 4553 520 4616 rogum
540 4531 687 4611 impositu
709 4547 764 4610 per
788 4540 944 4612 cognatos
964 4529 1046 4593 facie
1068 4546 1186 4592 aversa
1210 4531 1320 4592 incen-

88 4650 220 4714 debatur
240 4662 348 4728 rogus.
370 4641 421 4705 Cf.
441 4643 562 4704 Lucan.
585 4638 626 4718 11,
648 4636 722 4699 306.
765 4639 801 4697 tn
822 4638 941 4698 Miseni
962 4635 1073 4700 funere
1089 4634 1245 4719 V1,222:

492 4753 578 4812 Pars
598 4751 721 4826 iacenti
730 4749 863 4809 ‚cabiare
879 4749 1016 4828 feretra,
