3000 5184
223 225 291 288 742
683 213 739 276 De
763 207 1035 316 vestimentis
1137 217 1141 222 '

224 405 390 470 addiderat
410 400 566 465 verbal'.
588 396 750 477 Soipionis
774 391 913 455 Africani
934 387 1021 450 inl’.
1040 385 1217 468 Sulpicium
1240 381 1395 464 Gallum,
1406 382 1481 445 lio-l

225 515 339 576 minem
362 510 544 572 delicatum:
580 504 708 587 55555-
721 520 791 565 oum
808 497 961 562 olinrdote
976 497 1080 568 tunroa
1095 494 1224 562 interior
1244 445 1481 592 aooubueritf‘l

225 631 258 685 et
278 619 378 682 addit:
405 616 563 694 „Quintus
585 629 710 693 555555
732 606 853 669 Ennius
877 602 1187 694 Carthaginiensium
1216 601 1391 663 tooiootom
1412 603 1459 660 iu-

225 737 388 792 ventutem
412 745 475 786 non
495 721 620 782 videtur
642 718 710 777 sine
731 715 843 796 probro
867 712 1015 774 dixissem
1038 710 1103 790 ubi,
1136 706 1220 789 5556
1242 707 1458 780 ulimmeoum

226 837 422 899 oonieoeram
445 829 684 891 manicatam
707 821 917 900 inventutem,
940 825 1066 898 propter
1087 815 1224 885 Nonium
1246 831 1274 876 s.
1286 833 1317 873 v
1342 815 1481 874 'l'unioa

225 947 286 1007 iam
309 938 512 1003 reiioiendum
534 937 601 998 erit.
1480 923 1481 942 ¹

308 1051 416 1110 'l'oon
427 1045 510 1127 opud
531 1043 709 1124 Vergilium
732 1059 794 1100 non
819 1045 951 1116 apparot
966 1040 1092 1116 propter
1113 1051 1166 1092 res
1177 1031 1315 1100 bellroes
1339 1027 1459 1091 Cedunt

227 1179 314 1224 arma
337 1167 444 1239 togae
477 1153 598 1214 Verum
621 1166 690 1208 eom
715 1163 789 1206 esse
811 1149 935 1204 vestam
965 1141 1179 1205 Romanorum
1210 1138 1371 1218 propriam
1394 1133 1459 1194 inde

225 1269 330 1350 vides,
352 1265 435 1347 qnod
458 1267 485 1343 l,
507 1259 579 1322 282.
601 1257 756 1338 appellet:

308 1379 468 1437 Romanoa
487 1388 596 1430 rorum
617 1367 758 1424 dominos
777 1369 963 1440 5556555555
983 1365 1129 1436 555555.

225 1484 347 1548 Nesoio
386 1488 491 1541 tamen
529 1493 569 1534 an
608 1468 837 1552 significaverit
868 1475 975 1545 togam
1020 1463 1060 1524 do
1092 1463 1173 1544 pelle
1210 1461 1455 1551 antiquissimam

225 1597 295 1657 looo
317 1609 414 1670 supra
442 1586 535 1648 allato
557 1582 656 1661 Vlll,
685 1577 773 1659 465,
801 1569 859 1637 nbi'
874 1571 1025 1636 Evander
1047 1592 1109 1634 non
1139 1576 1248 1634 tuneo
1279 1573 1384 1634 solum
1412 1577 1455 1632 est

224 1700 364 1777 indutus,
386 1693 461 1758 sedt
805 1721 817 1755 ι

306 1808 456 1868 Demiooo
477 1802 515 1862 od
535 1801 624 1860 loeva
644 1795 821 1868 pantherae
843 1798 933 1867 terno
953 1797 1147 1870 retorquens.
1256 1842 1259 1850 .

225 1918 317 1996 Toga
339 1913 419 1974 enim
443 1917 526 1971 leste
548 1904 669 1967 lsidoro
692 1901 785 1975 XIX,
799 1896 894 1980 84535
912 1906 944 1958 et
967 1900 1176 1960 monumentis
1197 1893 1363 1958 omnibusr
1385 1889 1453 1952 osolt
1480 1961 1481 1974 5

225 2024 338 2086 dextro
360 2020 494 2080 veniens
516 2033 615 2094 supra
636 2011 802 2072 humerum
824 2007 984 2068 sinistrum
1007 2006 1138 2085 ponitur.
1142 2025 1158 2059 ιι
1182 2002 1264 2065 Aliis
1278 1999 1481 2076 veroloois‚
1480 1975 1481 1982 5

224 2132 339 2214 quibus
362 2125 524 2208 Vergilius
547 2119 742 2182 Herculeum
766 2113 862 2174 vel
840 2122 937 2174 venet
939 2114 1040 2172 orium
1071 2111 1199 2174 heroum
1229 2109 1375 2174 habitum
1403 2105 1481 2166 de

225 2242 365 2320 scripsit,
380 2233 468 2296 addit
489 2227 658 2305 interdum,
681 2222 766 2304 quod
788 2220 877 2301 pellis
900 2219 994 2300 capiti
1015 2217 1150 2280 induitur
1177 2235 1209 2282 v
1231 2233 1263 2298 g.
1287 2212 1481 2316 5156585

224 2333 666 2420 indormrapiti,x1,577:

310 2455 446 2533 Tiyridio
466 2451 600 2510 ennoiae
617 2465 676 2523 por
697 2445 825 2502 dore-om
848 2461 867 2498 5
888 2440 1043 2498 vertice
1061 2387 1207 2513 pendent
1364 2507 1369 2516 5
1480 2453 1481 2516 5

222 2569 279 2644 XI,
302 2563 379 2626 678:

306 2667 487 2747 annolori
505 2666 610 2752 operit
625 2666 722 2738 copul
741 2665 853 2736 ingens
875 2659 939 2716 oris
962 2655 1078 2714 diuino.

306 2778 460 2840 uersor.
501 2766 585 2830 Vide
607 2784 705 2846 supra
726 2769 755 2837 §.
776 2763 805 2826 6.

304 2887 424 2948 Panna
446 2877 584 2942 maxime
606 2884 673 2936 erat
695 2872 869 2934 mulierum.
893 2867 1003 2928 lsidori
1025 2867 1114 2930 loous
1136 2867 1228 2947 XlX,
1249 2865 1303 2952 25,
1325 2867 1358 2931 2,
1378 2883 1448 2928 55055.

225 2996 298 3057 dnm
319 2991 398 3052 satis
421 2994 514 3047 notus
537 3001 611 3044 esse
633 2981 773 3042 videtur:
797 2978 913 3059 „Palla
928 2985 977 3038 est
992 2975 1143 3060 quadrum
1157 2978 1282 3056 pallium
1298 2977 1448 3040 muliebris

224 3101 336 3170 vestis,
359 3094 530 3157 deductum
551 3109 655 3177 usque
670 3089 710 3151 ad
723 3088 872 3170 vestiris,
883 3086 969 3178 5556
991 3086 1105 3148 adfixis
1127 3088 1158 3148 in
1170 3087 1310 3158 ordinem
1325 3085 1448 3170 gemmis

224 3217 330 3276 micat
352 3207 394 3268 Elt
413 3203 497 3284 pallo
518 3201 603 3264 diota
624 3209 675 3260 est
695 3186 763 3258 ἀπὸ
784 3215 842 3258 roo
829 3183 1013 3273 mollero,
1041 3197 1074 3258 id
1096 3205 1148 3258 est
1170 3217 1189 3259 a
1210 3197 1374 3258 nobilitate
1395 3193 1481 3286 [Ι5-5

225 3318 361 3406 gendum
384 3320 449 3374 est:
471 3307 670 3386 mobilitate]‚
693 3325 775 3388 quae
798 3313 848 3365 est
871 3306 955 3366 oiroo
977 3305 1070 3366 linem
1083 3304 1175 3365 hums
1195 3303 1413 3384 indumenti,
1390 3318 1481 3364 sive

226 3425 309 3511 quod
332 3423 420 3504 rugis
442 3419 639 3484 vibrantibus
661 3421 786 3479 sirruata
807 3418 972 3494 crispetur.
976 3435 991 3468 5
1040 3413 1159 3474 Pallam
1181 3413 1220 3474 56
1242 3413 1327 3474 talos
1358 3385 1481 3508 65655

226 3548 311 3606 otum
334 3533 435 3595 fuisse
457 3531 584 3610 pallium
606 3539 702 3610 poeta
723 3544 860 3609 555555,
882 3524 912 3586 ni
932 3525 1037 3604 fallor,
1058 3523 1175 3594 indicat
1191 3521 1231 3593 de
1254 3519 1390 3590 Camilla
1407 3461 1481 3614 155

226 3654 318 3709 entus
340 3641 397 3715 Xl,
416 3637 494 3702 576ι

307 3752 372 3813 Pro
395 3745 512 3807 crinali
530 3763 621 3819 oure,
641 3762 698 3818 pro
720 3743 866 3817 loroque
887 3745 1021 3816 tormine
1039 3739 1145 3819 pallae
1301 3797 1303 3804 5
1480 3757 1481 3842 5

1480 3835 1481 3916 l

1480 3921 1481 3966 l

310 3858 445 3936 ilyridis
466 3857 600 3914 5555555
618 3871 676 3927 par
695 3852 823 3910 dorsum
845 3869 865 3910 o
885 3853 1002 3910 oerle'oe
1018 3848 1165 3923 penderet.

226 3968 293 4034 Sed
314 3985 405 4036 cave,
428 3981 469 4024 ne
491 3971 588 4040 caput
617 3976 744 4039 qnoque
768 3964 952 4036 coopertum
978 3955 1081 4016 fuisse
1111 3972 1129 4013 e
1154 3950 1279 4025 vorbis:
1303 3972 1326 4012 o
1344 3951 1481 4038 555655

119 4132 121 4135 ,
226 4077 349 4152 elicias3
370 4073 451 4134 5555
472 4071 553 4130 enim
575 4066 616 4131 ud
636 4065 831 4128 Herculeum
860 4063 999 4126 hobitum
1023 4060 1188 4124 referendo
1208 4070 1289 4126 sont.
1335 4057 1481 4128 uerno
1480 4015 1481 4110 l

226 4187 265 4248 ob
286 4182 407 4244 Isidoro
428 4178 582 4251 audimus,
605 4194 676 4235 eam
697 4191 924 4254 saepenumero
939 4169 1061 4255 ,adfixis
1087 4169 1129 4230 in-
1151 4169 1290 4237 ordinem
1323 4168 1442 4253 gomoris
1480 4191 1481 4286 5

226 4293 384 4368 55555555
402 4285 534 4346 similem
556 4301 639 4348 vero
657 4291 811 4368 ornatum¹
825 4281 957 4342 Aeneas
974 4281 1000 4358 1,
1022 4277 1097 4343 648:

307 4396 409 4460 Ferre
428 4394 512 4454 iulet
527 4390 647 4470 pollam
668 4393 774 4467 aionis
793 4409 934 4468 auroque
956 4392 1124 4466 ruentem

228 4532 281 4595 ubi
300 4516 452 4594 8555555
473 4499 663 4605 »signifieat
684 4531 790 4585 autem
806 4520 1050 4602 tunioopallium„
1069 4519 1153 4601 quod
1171 4508 1352 4592 seeundum
1370 4519 1442 4582 Va·

230 4656 338 4705 'onom
361 4631 444 4713 palla
464 4629 504 4691 ab
525 4631 719 4710 irrogatione
741 4639 774 4690 et
795 4629 976 4703 mobilitate,
999 4647 1079 4710 5555
1097 4638 1152 4692 est
1174 4631 1264 4698 5555
1280 4629 1376 4698 linem
1394 4626 1441 4690 55

230 4743 365 4814 imnodi
385 4726 535 4819 veslium,
557 4727 624 4798 656
643 4735 702 4806 rori
713 4725 883 4823 ‚ndtten“
926 4739 1066 4803 Noniust
1097 4739 1207 4826 „Ralla
1233 4749 1284 4806 eet
1303 4740 1440 4806 5515555
