3000 5184
329 260 385 318 Ile
406 258 584 316 tironum
606 243 995 312 exercitationibus.
1233 243 1272 308 61

29 451 134 529 VIII,
158 443 234 509 593:
387 519 389 524 Ι

373 548 543 627 Fulgentes
563 564 636 606 cere
657 550 863 622 catervae,

29 665 192 725 nominet.
234 661 315 722 item
336 649 381 743 X,
403 657 481 720 194:

123 767 246 850 Filius,
269 768 412 848 aequatio
434 769 600 827 comitatus
623 764 728 824 classe
750 765 958 839 catervae,
1059 761 1063 769 '

33 879 189 960 Ornytus
210 879 254 958 X,
274 877 355 953 682,
376 878 431 958 qui

457 984 533 1062 Ipse
555 981 732 1042 catervis

130 1093 275 1154 Vertitur
296 1094 331 1150 ire
351 1090 471 1152 mediis.

34 1203 102 1284 XI,
124 1198 205 1264 5532

458 1305 563 1370 Sacro
585 1313 770 1380 caterva,

36 1421 103 1499 XI,
124 1417 205 1482 564:
286 1443 290 1452 ·

458 1522 583 1602 Magno
603 1554 643 1566 -
666 1553 706 1566 -
728 1529 909 1597 caterno,

37 1648 74 1700 et
98 1658 168 1702 vox
189 1637 242 1698 illa
262 1632 420 1698 'Iolumnii
439 1636 516 1712 XII,
537 1633 616 1696 264:

298 1745 362 1805 Vos
385 1747 530 1805 unanimi
549 1745 682 1804 densete
702 1750 895 1803 catervae.

39 1851 128 1914 nullo
153 1852 280 1916 notione
299 1849 453 1935 singulari
475 1857 549 1912 sunt
571 1847 767 1931 explicanda.
810 1848 941 1940 'I'alibus
961 1848 1125 1912 vocabulis
1140 1856 1173 1913 ct
1187 1857 1282 1932 poeta

40 1971 75 2022 et
99 1959 277 2041 scriptores
298 1957 340 2022 ad
361 1958 527 2042 vulgarem
548 1956 811 2022 consuetudinem
831 1964 969 2021 utuntur.

583 2169 586 2172 ·
623 2173 729 2266 §.eo

343 2337 405 2392 lle
420 2336 608 2393 tironum
625 2337 999 2395 excreItstionibue.

128 2506 272 2589 Vegetio
293 2508 334 2588 II,
366 2505 417 2570 2³.
439 2515 570 2572 ductore
588 2508 729 2570 iuniores
750 2506 875 2590 quidem
896 2517 930 2570 et
951 2508 1026 2570 novi
1047 2509 1182 2589 legionis
1202 2507 1285 2570 mili·

44 2625 98 2677 tes
119 2633 214 2676 mane
233 2621 265 2676 ct
286 2622 361 2697 post
380 2615 541 2678 meridiem
562 2614 602 2678 od
624 2633 715 2678 omne
736 2634 841 2698 genus
855 2610 1020 2685 'armorum
1043 2615 1284 2697 exercebuntur,

46 2733 182 2786 veteres
211 2733 316 2788 eutem
346 2734 379 2788 ct
411 2724 523 2789 eruditi
552 2727 619 2788 siue
647 2726 881 2788 intermissione
902 2727 1061 2797 semel-iu
1075 2725 1128 2788 die
1148 2743 1286 2788 exerce-

47 2831 164 2894 bantur
191 2834 223 2893 in
246 2832 349 2895 armis.
394 2831 447 2894 Ad
475 2833 579 2916 palum
612 2833 666 2895 vel
698 2830 797 2893 sudes
823 2832 960 2894 iuniores
990 2833 1149 2916 exerceri,
1183 2835 1293 2915 soltus

46 2957 174 3020 quoque
195 2938 252 3001 vel
271 2939 355 3002 ictus
375 2940 491 3012 facere,
523 2938 652 3024 sagittis
672 2938 799 3022 signum
821 2945 963 3020 tangere,
983 2958 1077 3002 manu
1097 2941 1167 3002 sola
1186 2939 1284 3003 libra-

47 3047 89 3108 lia
110 3065 195 3109 saxa
214 3048 347 3130 iactare,
368 3047 501 3110 missilia
520 3046 677 3130 dirigere,
710 3047 823 3109 silvam
850 3045 999 3128 caedere,
1030 3056 1157 3129 portare
1179 3068 1286 3132 onera,

50 3169 162 3218 natare
188 3155 219 3216 iu
245 3156 322 3217 mari
349 3155 403 3217 vel
427 3153 619 3230 fluminibus,
656 3171 782 3216 currere
807 3156 903 3216 etiam
929 3155 1041 3217 armati
1062 3174 1132 3218 curu
1153 3155 1289 3218 sarcinis
1412 3215 1416 3222 .

48 3263 119 3324 suis
154 3262 333 3327 adsuefacti
369 3272 452 3325 sunt.
513 3263 563 3325 De
595 3263 744 3327 oneribus
773 3262 939 3344 portandis
970 3263 1132 3347 Vegetius
1163 3266 1194 3346 I,
1232 3264 1288 3328 19:

49 3369 209 3452 „Pondus
231 3389 371 3453 quoque,
400 3371 460 3448 cit,
489 3371 629 3434 baiulare
650 3369 812 3454 usquead
833 3371 905 3433 LX.
927 3371 1023 3434 libras
1043 3377 1076 3432 et
1097 3374 1159 3434 iter
1178 3373 1288 3435 fircera

49 3476 152 3559 gradu
173 3479 296 3542 militari
315 3479 571 3563 frequentissime
593 3479 823 3562 cogendisunt
843 3479 984 3541 iuniores
1004 3511 1037 3524 -
1057 3512 1100 3524 —
1120 3513 1162 3524 —
1183 3479 1289 3558 Quam

49 3602 116 3644 rem
144 3587 292 3668 antiquos
320 3586 435 3648 milites
462 3585 662 3649 factitavisse
683 3585 827 3686 Vergilio
854 3593 939 3648 teste
961 3583 1099 3672 [Georg.
1120 3586 1178 3671 III,
1198 3584 1294 3666 ets]

52 3692 270 3774 cognoscitur,
293 3691 345 3773 qui
366 3692 427 3764 eit:
467 3713 470 3722 ·
1239 3708 1243 3714 ·

135 3799 212 3860 Non
225 3820 327 3862 -aecua
347 3821 386 3862 ac
405 3804 522 3879 patriis
542 3821 615 3862 acer
635 3802 799 3864 Romnum
819 3803 854 3860 in
876 3803 975 3861 wrote

132 3907 259 3968 Iniuste
279 3909 337 3968 sud
354 3912 449 3990 [aare
467 3912 551 3970 ciam
575 3928 644 3970 oum
665 3913 771 3988 carpit
788 3915 820 3970 et
839 3910 924 3969 docti

134 4014 222 4086 Ante
242 4022 464 4094 exspectatum
481 4016 596 4095 poem
616 4023 683 4078 etot
701 4022 735 4078 iro
760 4017 887 4094 conane
908 4015 1053 4077 castrice

53 4121 198 4185 Eandem
220 4123 260 4184 ob
281 4139 411 4186 causam
433 4125 509 4205 VII,
533 4123 602 4186 162.
623 4123 730 4186 Iratini

135 4232 222 4294 Ante
242 4233 350 4295 urbem
368 4237 464 4313 pueri
482 4241 514 4296 et
528 4237 690 4312 pomoeoo
708 4239 789 4316 flore
809 4238 957 4298 iuventus

71 4377 75 4390 ι
132 4343 343 4404 Exercentur
365 4347 464 4424 eoois,
487 4346 700 4425 domitantque
719 4345 903 4423 ire-putoere
924 4363 1056 4427 corrue,

133 4449 312 4512 Auream
334 4455 470 4518 tendunt
486 4474 596 4536 orcus,
617 4460 675 4516 out
694 4455 781 4524 lento
806 4454 935 4516 lacertis

131 4558 272 4639 Spicula
292 4567 508 4641 contorquent,
532 4579 691 4643 cursuque
711 4567 840 4643 ictuque
859 4561 1030 4624 herceant.

61 4686 151 4768 Quod
174 4688 299 4771 equites
319 4687 442 4770 attinet,
461 4687 605 4772 Vegetio
626 4692 666 4770 I,·
684 4689 732 4754 18.
753 4697 839 4752 teste
858 4707 950 4774 „non
970 4694 1089 4749 tautum
1112 4717 1152 4730 -
1172 4701 1193 4746 a
1212 4683 1291 4746 tiro-

59 4794 162 4877 nlbus,
195 4790 257 4855 sed
284 4796 380 4858 etiam
406 4793 658 4876 a‘stipcndiariie
680 4795 831 4859 militibus
851 4795 956 4860 salitio
977 4811 1130 4877 equorum
1151 4790 1294 4856 districte
