<?xml version="1.0" encoding="UTF-8"?>
<!DOCTYPE html PUBLIC "-//W3C//DTD XHTML 1.0 Transitional//EN"
    "http://www.w3.org/TR/xhtml1/DTD/xhtml1-transitional.dtd">
<html xmlns="http://www.w3.org/1999/xhtml" xml:lang="en" lang="en">
 <head>
  <title>
</title>
<meta http-equiv="Content-Type" content="text/html;charset=utf-8" />
  <meta name='ocr-system' content='tesseract 3.04.00' />
  <meta name='ocr-capabilities' content='ocr_page ocr_carea ocr_par ocr_line ocrx_word'/>
</head>
<body>
  <div class='ocr_page' id='page_1' title='image "./antiquitatesver01lersgoog_0090.png"; bbox 0 0 3000 5184; ppageno 0'>
   <div class='ocr_carea' id='block_1_1' title="bbox 189 221 1044 308">
    <p class='ocr_par' dir='ltr' id='par_1_1' title="bbox 189 221 1044 308">
     <span class='ocr_line' id='line_1_1' title="bbox 189 221 1044 308; baseline 0.006 -21"><span class='ocrx_word' id='word_1_1' title='bbox 189 221 234 287; x_wconf 70' lang='lat'><strong>70</strong></span> <span class='ocrx_word' id='word_1_2' title='bbox 591 226 648 287; x_wconf 84' lang='lat' dir='ltr'><strong>De</strong></span> <span class='ocrx_word' id='word_1_3' title='bbox 669 241 793 289; x_wconf 83' lang='lat' dir='ltr'><strong>ocrea</strong></span> <span class='ocrx_word' id='word_1_4' title='bbox 812 242 862 291; x_wconf 88' lang='lat' dir='ltr'><strong>ao</strong></span> <span class='ocrx_word' id='word_1_5' title='bbox 882 242 1044 308; x_wconf 85' lang='lat' dir='ltr'><strong>perone.</strong></span> 
     </span>
    </p>
   </div>
   <div class='ocr_carea' id='block_1_2' title="bbox 77 398 1439 1356">
    <p class='ocr_par' dir='ltr' id='par_1_2' title="bbox 77 398 1439 1356">
     <span class='ocr_line' id='line_1_2' title="bbox 189 398 1437 488; baseline 0.007 -21"><span class='ocrx_word' id='word_1_6' title='bbox 189 403 211 468; x_wconf 81' lang='lat' dir='ltr'><strong>i.</strong></span> <span class='ocrx_word' id='word_1_7' title='bbox 238 424 268 470; x_wconf 88' lang='lat' dir='ltr'><strong>a.</strong></span> <span class='ocrx_word' id='word_1_8' title='bbox 291 411 345 488; x_wconf 73' lang='lat' dir='ltr'><strong>qul</strong></span> <span class='ocrx_word' id='word_1_9' title='bbox 370 398 534 471; x_wconf 88' lang='lat' dir='ltr'><strong>sinistrum</strong></span> <span class='ocrx_word' id='word_1_10' title='bbox 566 406 680 488; x_wconf 86' lang='lat' dir='ltr'><strong>pedem</strong></span> <span class='ocrx_word' id='word_1_11' title='bbox 715 404 853 487; x_wconf 87' lang='lat' dir='ltr'><strong>nudum,</strong></span> <span class='ocrx_word' id='word_1_12' title='bbox 891 404 1076 469; x_wconf 83' lang='lat' dir='ltr'><strong>dextrum</strong></span> <span class='ocrx_word' id='word_1_13' title='bbox 1106 425 1225 486; x_wconf 88' lang='lat' dir='ltr'><strong>perone</strong></span> <span class='ocrx_word' id='word_1_14' title='bbox 1254 411 1306 471; x_wconf 88' lang='lat' dir='ltr'><strong>vel</strong></span> <span class='ocrx_word' id='word_1_15' title='bbox 1336 430 1437 475; x_wconf 85' lang='lat' dir='ltr'><strong>ceres</strong></span> 
     </span>
     <span class='ocr_line' id='line_1_3' title="bbox 77 502 1439 604; baseline 0.003 -27"><span class='ocrx_word' id='word_1_16' title='bbox 77 509 80 518; x_wconf 82' lang='grc'><em>’</em></span> <span class='ocrx_word' id='word_1_17' title='bbox 192 518 344 581; x_wconf 66' lang='lat' dir='ltr'><strong>vestium</strong></span> <span class='ocrx_word' id='word_1_18' title='bbox 366 529 490 604; x_wconf 76' lang='lat' dir='ltr'><strong>gerunt</strong></span> <span class='ocrx_word' id='word_1_19' title='bbox 552 520 709 582; x_wconf 77' lang='lat' dir='ltr'><strong>Macrobii</strong></span> <span class='ocrx_word' id='word_1_20' title='bbox 734 538 822 581; x_wconf 88' lang='lat' dir='ltr'><strong>error</strong></span> <span class='ocrx_word' id='word_1_21' title='bbox 848 502 1116 583; x_wconf 67' lang='lat' dir='ltr'><strong>esoadfirmenus</strong></span> <span class='ocrx_word' id='word_1_22' title='bbox 1137 520 1188 599; x_wconf 87' lang='lat' dir='ltr'><strong>V,</strong></span> <span class='ocrx_word' id='word_1_23' title='bbox 1221 517 1439 586; x_wconf 71' lang='lat' dir='ltr'><strong>tunetunc</strong></span> 
     </span>
     <span class='ocr_line' id='line_1_4' title="bbox 190 625 1436 711; baseline 0 -22"><span class='ocrx_word' id='word_1_24' title='bbox 190 645 310 689; x_wconf 70' lang='lat' dir='ltr'><strong>wem</strong></span> <span class='ocrx_word' id='word_1_25' title='bbox 331 631 365 690; x_wconf 85' lang='lat' dir='ltr'><strong>iu</strong></span> <span class='ocrx_word' id='word_1_26' title='bbox 387 630 479 691; x_wconf 83' lang='lat' dir='ltr'><strong>ltalia</strong></span> <span class='ocrx_word' id='word_1_27' title='bbox 500 646 655 711; x_wconf 76' lang='lat' dir='ltr'><strong>nusquam</strong></span> <span class='ocrx_word' id='word_1_28' title='bbox 674 628 870 708; x_wconf 74' lang='lat' dir='ltr'><strong>repperisse,</strong></span> <span class='ocrx_word' id='word_1_29' title='bbox 900 625 1061 690; x_wconf 85' lang='lat' dir='ltr'><strong>credentis</strong></span> <span class='ocrx_word' id='word_1_30' title='bbox 1082 625 1215 703; x_wconf 85' lang='lat' dir='ltr'><strong>deinde,</strong></span> <span class='ocrx_word' id='word_1_31' title='bbox 1240 634 1368 708; x_wconf 82' lang='lat' dir='ltr'><strong>poetam</strong></span> <span class='ocrx_word' id='word_1_32' title='bbox 1392 647 1436 689; x_wconf 83' lang='lat' dir='ltr'><strong>ex</strong></span> 
     </span>
     <span class='ocr_line' id='line_1_5' title="bbox 191 732 1437 817; baseline 0 -22"><span class='ocrx_word' id='word_1_33' title='bbox 191 734 354 815; x_wconf 73' lang='lat' dir='ltr'><strong>Errmprdis</strong></span> <span class='ocrx_word' id='word_1_34' title='bbox 381 736 548 817; x_wconf 81' lang='lat' dir='ltr'><strong>Meleagro</strong></span> <span class='ocrx_word' id='word_1_35' title='bbox 574 735 740 811; x_wconf 85' lang='lat' dir='ltr'><strong>hausisse,</strong></span> <span class='ocrx_word' id='word_1_36' title='bbox 768 734 799 795; x_wconf 89' lang='lat' dir='ltr'><strong>in</strong></span> <span class='ocrx_word' id='word_1_37' title='bbox 829 751 891 814; x_wconf 88' lang='lat' dir='ltr'><strong>quo</strong></span> <span class='ocrx_word' id='word_1_38' title='bbox 917 732 1000 797; x_wconf 88' lang='lat' dir='ltr'><strong>idem</strong></span> <span class='ocrx_word' id='word_1_39' title='bbox 1022 734 1207 797; x_wconf 82' lang='lat' dir='ltr'><strong>Aetolorum</strong></span> <span class='ocrx_word' id='word_1_40' title='bbox 1235 750 1305 798; x_wconf 80' lang='lat' dir='ltr'><strong>nuos</strong></span> <span class='ocrx_word' id='word_1_41' title='bbox 1325 733 1437 814; x_wconf 90' lang='lat' dir='ltr'><strong>perhi-</strong></span> 
     </span>
     <span class='ocr_line' id='line_1_6' title="bbox 194 839 323 905; baseline 0.031 -4"><span class='ocrx_word' id='word_1_42' title='bbox 194 839 323 905; x_wconf 80' lang='lat' dir='ltr'><strong>beatrn:</strong></span> 
     </span>
     <span class='ocr_line' id='line_1_7' title="bbox 789 938 1086 1023; baseline -0.01 -13"><span class='ocrx_word' id='word_1_43' title='bbox 789 1018 790 1023; x_wconf 6' lang='grc' dir='ltr'>ἵ</span> <span class='ocrx_word' id='word_1_44' title='bbox 826 939 867 1009; x_wconf 85' lang='lat' dir='ltr'><strong>Ol</strong></span> <span class='ocrx_word' id='word_1_45' title='bbox 888 940 925 1008; x_wconf 78' lang='lat' dir='ltr'><strong>di</strong></span> <span class='ocrx_word' id='word_1_46' title='bbox 947 938 1086 1009; x_wconf 75' lang='grc' dir='ltr'><em>Θεστίου</em></span> 
     </span>
     <span class='ocr_line' id='line_1_8' title="bbox 403 1040 1115 1149; baseline -0.004 -31"><span class='ocrx_word' id='word_1_47' title='bbox 403 1054 526 1131; x_wconf 78' lang='grc' dir='ltr'><strong><em>παῖδες</em></strong></span> <span class='ocrx_word' id='word_1_48' title='bbox 546 1045 585 1119; x_wconf 80' lang='lat' dir='ltr'><strong>ud</strong></span> <span class='ocrx_word' id='word_1_49' title='bbox 597 1044 689 1118; x_wconf 77' lang='grc' dir='ltr'><strong><em>λαιόν</em></strong></span> <span class='ocrx_word' id='word_1_50' title='bbox 696 1051 785 1133; x_wconf 75' lang='grc' dir='ltr'><strong><em>ἴχνος</em></strong></span> <span class='ocrx_word' id='word_1_51' title='bbox 803 1042 980 1149; x_wconf 67' lang='grc' dir='ltr'><strong><em>ἆνᾰρβινλοι</em></strong></span> <span class='ocrx_word' id='word_1_52' title='bbox 1002 1040 1115 1131; x_wconf 72' lang='grc' dir='ltr'><strong><em>ποδός,</em></strong></span> 
     </span>
     <span class='ocr_line' id='line_1_9' title="bbox 402 1150 1108 1247; baseline -0.006 -20"><span class='ocrx_word' id='word_1_53' title='bbox 402 1154 459 1227; x_wconf 77' lang='grc' dir='ltr'><strong>τον</strong></span> <span class='ocrx_word' id='word_1_54' title='bbox 479 1160 515 1224; x_wconf 66' lang='grc' dir='ltr'><strong>δ’</strong></span> <span class='ocrx_word' id='word_1_55' title='bbox 531 1158 565 1225; x_wconf 80' lang='grc' dir='ltr'><strong>ἕν</strong></span> <span class='ocrx_word' id='word_1_56' title='bbox 584 1158 743 1239; x_wconf 70' lang='grc' dir='ltr'><strong><em>πεδίλοις,</em></strong></span> <span class='ocrx_word' id='word_1_57' title='bbox 764 1150 810 1237; x_wconf 69' lang='grc' dir='ltr'><strong>οἷς</strong></span> <span class='ocrx_word' id='word_1_58' title='bbox 833 1156 1010 1247; x_wconf 81' lang='grc' dir='ltr'><strong><em>ἐλαφρίζον</em></strong></span> <span class='ocrx_word' id='word_1_59' title='bbox 1031 1150 1108 1245; x_wconf 75' lang='grc' dir='ltr'><strong><em>γόνυ</em></strong></span> 
     </span>
     <span class='ocr_line' id='line_1_10' title="bbox 402 1259 1072 1356; baseline -0.003 -21"><span class='ocrx_word' id='word_1_60' title='bbox 402 1263 516 1352; x_wconf 78' lang='grc' dir='ltr'><strong><em>ἔχοιεν,</em></strong></span> <span class='ocrx_word' id='word_1_61' title='bbox 536 1262 573 1345; x_wconf 83' lang='grc' dir='ltr'><strong>ὁς</strong></span> <span class='ocrx_word' id='word_1_62' title='bbox 593 1259 634 1356; x_wconf 77' lang='grc' dir='ltr'><em>δὴ</em></span> <span class='ocrx_word' id='word_1_63' title='bbox 657 1266 759 1333; x_wconf 83' lang='grc' dir='ltr'><strong><em>πᾶσιν</em></strong></span> <span class='ocrx_word' id='word_1_64' title='bbox 780 1263 944 1344; x_wconf 78' lang='grc' dir='ltr'><strong><em>Αἰτωλοῖς</em></strong></span> <span class='ocrx_word' id='word_1_65' title='bbox 964 1260 1072 1352; x_wconf 83' lang='grc' dir='ltr'><strong><em>νόμος.</em></strong></span> 
     </span>
    </p>
   </div>
   <div class='ocr_carea' id='block_1_3' title="bbox 170 1405 1499 4827">
    <p class='ocr_par' dir='ltr' id='par_1_3' title="bbox 170 1405 1499 4827">
     <span class='ocr_line' id='line_1_11' title="bbox 190 1405 1438 1488; baseline -0.005 -17"><span class='ocrx_word' id='word_1_66' title='bbox 190 1413 354 1471; x_wconf 84' lang='lat' dir='ltr'><strong>intricatus</strong></span> <span class='ocrx_word' id='word_1_67' title='bbox 375 1406 512 1488; x_wconf 90' lang='lat' dir='ltr'><strong>denique</strong></span> <span class='ocrx_word' id='word_1_68' title='bbox 535 1426 622 1468; x_wconf 88' lang='lat' dir='ltr'><strong>error</strong></span> <span class='ocrx_word' id='word_1_69' title='bbox 641 1405 819 1481; x_wconf 83' lang='lat' dir='ltr'><strong>efficientis,</strong></span> <span class='ocrx_word' id='word_1_70' title='bbox 840 1414 1008 1487; x_wconf 87' lang='lat' dir='ltr'><strong>propterea</strong></span> <span class='ocrx_word' id='word_1_71' title='bbox 1031 1406 1200 1480; x_wconf 76' lang='lat' dir='ltr'><strong>Hernicos,</strong></span> <span class='ocrx_word' id='word_1_72' title='bbox 1230 1422 1360 1484; x_wconf 90' lang='lat' dir='ltr'><strong>quorum</strong></span> <span class='ocrx_word' id='word_1_73' title='bbox 1384 1418 1438 1465; x_wconf 91' lang='lat' dir='ltr'><strong>est</strong></span> 
     </span>
     <span class='ocr_line' id='line_1_12' title="bbox 189 1509 1435 1597; baseline -0.003 -20"><span class='ocrx_word' id='word_1_74' title='bbox 189 1515 357 1597; x_wconf 81' lang='lat' dir='ltr'><strong>Anagnia,</strong></span> <span class='ocrx_word' id='word_1_75' title='bbox 387 1533 409 1577; x_wconf 88' lang='lat' dir='ltr'><strong>a</strong></span> <span class='ocrx_word' id='word_1_76' title='bbox 431 1514 576 1594; x_wconf 83' lang='lat' dir='ltr'><strong>Pelasgis</strong></span> <span class='ocrx_word' id='word_1_77' title='bbox 604 1509 756 1573; x_wconf 88' lang='lat' dir='ltr'><strong>oriundos</strong></span> <span class='ocrx_word' id='word_1_78' title='bbox 782 1511 843 1573; x_wconf 90' lang='lat' dir='ltr'><strong>hoc</strong></span> <span class='ocrx_word' id='word_1_79' title='bbox 875 1513 1066 1573; x_wconf 87' lang='lat' dir='ltr'><strong>vestimento</strong></span> <span class='ocrx_word' id='word_1_80' title='bbox 1089 1513 1292 1591; x_wconf 80' lang='lat' dir='ltr'><strong>Aetolorum,</strong></span> <span class='ocrx_word' id='word_1_81' title='bbox 1325 1511 1435 1591; x_wconf 92' lang='lat' dir='ltr'><strong>quiet</strong></span> 
     </span>
     <span class='ocr_line' id='line_1_13' title="bbox 189 1613 1434 1703; baseline -0.004 -16"><span class='ocrx_word' id='word_1_82' title='bbox 189 1626 284 1687; x_wconf 82' lang='lat' dir='ltr'><strong>iidem</strong></span> <span class='ocrx_word' id='word_1_83' title='bbox 305 1622 450 1703; x_wconf 75' lang='lat' dir='ltr'><strong>Pelasgi,</strong></span> <span class='ocrx_word' id='word_1_84' title='bbox 471 1639 490 1682; x_wconf 92' lang='lat' dir='ltr'><strong>a</strong></span> <span class='ocrx_word' id='word_1_85' title='bbox 511 1628 607 1700; x_wconf 85' lang='lat' dir='ltr'><strong>poete</strong></span> <span class='ocrx_word' id='word_1_86' title='bbox 627 1619 781 1701; x_wconf 89' lang='lat' dir='ltr'><strong>insigniri.</strong></span> <span class='ocrx_word' id='word_1_87' title='bbox 835 1620 915 1681; x_wconf 77' lang='lat' dir='ltr'><strong>&#39;farn</strong></span> <span class='ocrx_word' id='word_1_88' title='bbox 935 1621 1131 1700; x_wconf 77' lang='lat' dir='ltr'><strong>scrupulosis</strong></span> <span class='ocrx_word' id='word_1_89' title='bbox 1145 1613 1355 1702; x_wconf 70' lang='lat' dir='ltr'><strong>&#39;spinosisqne</strong></span> <span class='ocrx_word' id='word_1_90' title='bbox 1378 1638 1434 1682; x_wconf 87' lang='lat' dir='ltr'><strong>ra·</strong></span> 
     </span>
     <span class='ocr_line' id='line_1_14' title="bbox 190 1728 1435 1811; baseline -0.006 -12"><span class='ocrx_word' id='word_1_91' title='bbox 190 1738 327 1801; x_wconf 77' lang='lat' dir='ltr'><strong>tionibus</strong></span> <span class='ocrx_word' id='word_1_92' title='bbox 348 1743 380 1795; x_wconf 89' lang='lat' dir='ltr'><strong>et</strong></span> <span class='ocrx_word' id='word_1_93' title='bbox 403 1730 660 1794; x_wconf 76' lang='lat' dir='ltr'><strong>translationibus</strong></span> <span class='ocrx_word' id='word_1_94' title='bbox 681 1750 743 1792; x_wconf 89' lang='lat' dir='ltr'><strong>non</strong></span> <span class='ocrx_word' id='word_1_95' title='bbox 774 1738 902 1792; x_wconf 89' lang='lat' dir='ltr'><strong>utuntur</strong></span> <span class='ocrx_word' id='word_1_96' title='bbox 929 1740 1064 1811; x_wconf 83' lang='lat' dir='ltr'><strong>poetae3</strong></span> <span class='ocrx_word' id='word_1_97' title='bbox 1099 1728 1212 1791; x_wconf 84' lang='lat' dir='ltr'><strong>deinde</strong></span> <span class='ocrx_word' id='word_1_98' title='bbox 1245 1746 1286 1791; x_wconf 88' lang='lat' dir='ltr'><strong>oe</strong></span> <span class='ocrx_word' id='word_1_99' title='bbox 1313 1728 1345 1791; x_wconf 92' lang='lat' dir='ltr'><strong>id</strong></span> <span class='ocrx_word' id='word_1_100' title='bbox 1379 1748 1435 1791; x_wconf 90' lang='lat' dir='ltr'><strong>ur·</strong></span> 
     </span>
     <span class='ocr_line' id='line_1_15' title="bbox 189 1833 1434 1929; baseline -0.005 -24"><span class='ocrx_word' id='word_1_101' title='bbox 189 1854 295 1929; x_wconf 79' lang='lat' dir='ltr'><strong>guam,</strong></span> <span class='ocrx_word' id='word_1_102' title='bbox 316 1842 355 1906; x_wconf 90' lang='lat' dir='ltr'><strong>ab</strong></span> <span class='ocrx_word' id='word_1_103' title='bbox 377 1841 526 1921; x_wconf 78' lang='lat' dir='ltr'><strong>Euripide</strong></span> <span class='ocrx_word' id='word_1_104' title='bbox 547 1833 678 1915; x_wconf 80' lang='grc' dir='ltr'><strong><em>πεόῖλα,</em></strong></span> <span class='ocrx_word' id='word_1_105' title='bbox 699 1858 719 1901; x_wconf 92' lang='lat' dir='ltr'><strong>a</strong></span> <span class='ocrx_word' id='word_1_106' title='bbox 741 1839 886 1922; x_wconf 86' lang='lat' dir='ltr'><strong>Vergilio</strong></span> <span class='ocrx_word' id='word_1_107' title='bbox 909 1856 1046 1920; x_wconf 89' lang='lat' dir='ltr'><strong>perones</strong></span> <span class='ocrx_word' id='word_1_108' title='bbox 1065 1838 1226 1915; x_wconf 87' lang='lat' dir='ltr'><strong>nominari,</strong></span> <span class='ocrx_word' id='word_1_109' title='bbox 1256 1837 1434 1920; x_wconf 84' lang='lat' dir='ltr'><strong>obloquitur</strong></span> 
     </span>
     <span class='ocr_line' id='line_1_16' title="bbox 190 1943 1431 2031; baseline -0.007 -17"><span class='ocrx_word' id='word_1_110' title='bbox 190 1954 296 2027; x_wconf 89' lang='lat' dir='ltr'><strong>etiam,</strong></span> <span class='ocrx_word' id='word_1_111' title='bbox 318 1968 411 2031; x_wconf 86' lang='lat' dir='ltr'><strong>quem</strong></span> <span class='ocrx_word' id='word_1_112' title='bbox 434 1948 517 2010; x_wconf 89' lang='lat' dir='ltr'><strong>idem</strong></span> <span class='ocrx_word' id='word_1_113' title='bbox 537 1945 722 2007; x_wconf 79' lang='lat' dir='ltr'><strong>Macrobius</strong></span> <span class='ocrx_word' id='word_1_114' title='bbox 742 1966 762 2007; x_wconf 90' lang='lat' dir='ltr'><strong>e</strong></span> <span class='ocrx_word' id='word_1_115' title='bbox 783 1943 946 2008; x_wconf 91' lang='lat' dir='ltr'><strong>recondito</strong></span> <span class='ocrx_word' id='word_1_116' title='bbox 968 1964 1028 2007; x_wconf 92' lang='lat' dir='ltr'><strong>suo</strong></span> <span class='ocrx_word' id='word_1_117' title='bbox 1050 1966 1133 2027; x_wconf 89' lang='lat' dir='ltr'><strong>penu</strong></span> <span class='ocrx_word' id='word_1_118' title='bbox 1153 1945 1244 2008; x_wconf 91' lang='lat' dir='ltr'><strong>nobis</strong></span> <span class='ocrx_word' id='word_1_119' title='bbox 1265 1945 1431 2021; x_wconf 83' lang='lat' dir='ltr'><strong>ministret,</strong></span> 
     </span>
     <span class='ocr_line' id='line_1_17' title="bbox 193 2043 1432 2141; baseline 0 -22"><span class='ocrx_word' id='word_1_120' title='bbox 193 2058 385 2120; x_wconf 84' lang='lat' dir='ltr'><strong>Aristoteles</strong></span> <span class='ocrx_word' id='word_1_121' title='bbox 406 2054 446 2117; x_wconf 92' lang='lat' dir='ltr'><strong>de</strong></span> <span class='ocrx_word' id='word_1_122' title='bbox 467 2055 570 2137; x_wconf 88' lang='lat' dir='ltr'><strong>poetis</strong></span> <span class='ocrx_word' id='word_1_123' title='bbox 591 2054 751 2138; x_wconf 62' lang='lat' dir='ltr'><strong>secundos</strong></span> <span class='ocrx_word' id='word_1_124' title='bbox 800 2047 882 2128; x_wconf 80' lang='grc' dir='ltr'><strong>Τούς</strong></span> <span class='ocrx_word' id='word_1_125' title='bbox 917 2051 955 2119; x_wconf 82' lang='grc' dir='ltr'><strong>δὲ</strong></span> <span class='ocrx_word' id='word_1_126' title='bbox 978 2052 1118 2119; x_wconf 77' lang='grc' dir='ltr'><strong><em>Θεστίου</em></strong></span> <span class='ocrx_word' id='word_1_127' title='bbox 1139 2043 1275 2141; x_wconf 75' lang='grc' dir='ltr'><strong><em>κούρους</em></strong></span> <span class='ocrx_word' id='word_1_128' title='bbox 1294 2045 1351 2117; x_wconf 76' lang='grc' dir='ltr'><strong>τόν</strong></span> <span class='ocrx_word' id='word_1_129' title='bbox 1372 2051 1432 2136; x_wconf 78' lang='grc' dir='ltr'><strong>μὲν</strong></span> 
     </span>
     <span class='ocr_line' id='line_1_18' title="bbox 190 2146 1435 2251; baseline -0.002 -23"><span class='ocrx_word' id='word_1_130' title='bbox 190 2146 367 2251; x_wconf 58' lang='lat' dir='ltr'><strong>deuersorio,</strong></span> <span class='ocrx_word' id='word_1_131' title='bbox 382 2150 470 2225; x_wconf 78' lang='grc' dir='ltr'><strong><em>πόδα</em></strong></span> <span class='ocrx_word' id='word_1_132' title='bbox 490 2155 590 2247; x_wconf 77' lang='grc' dir='ltr'><strong><em>φησὶν</em></strong></span> <span class='ocrx_word' id='word_1_133' title='bbox 610 2148 790 2245; x_wconf 76' lang='grc' dir='ltr'><strong><em>Εὐριπίδης</em></strong></span> <span class='ocrx_word' id='word_1_134' title='bbox 818 2155 930 2224; x_wconf 74' lang='grc' dir='ltr'><strong><em>ἐλθεῖν</em></strong></span> <span class='ocrx_word' id='word_1_135' title='bbox 953 2153 1083 2240; x_wconf 75' lang='grc' dir='ltr'><strong><em>ἔχοντας</em></strong></span> <span class='ocrx_word' id='word_1_136' title='bbox 1108 2151 1322 2226; x_wconf 54' lang='grc' dir='ltr'><strong><em>ἆνυιιόδετον*</em></strong></span> <span class='ocrx_word' id='word_1_137' title='bbox 1347 2160 1435 2247; x_wconf 78' lang='grc' dir='ltr'><strong><em>λέγει</em></strong></span> 
     </span>
     <span class='ocr_line' id='line_1_19' title="bbox 192 2258 1436 2366; baseline -0.006 -31"><span class='ocrx_word' id='word_1_138' title='bbox 192 2270 276 2366; x_wconf 72' lang='grc' dir='ltr'><strong><em>χοῦν,</em></strong></span> <span class='ocrx_word' id='word_1_139' title='bbox 295 2262 359 2335; x_wconf 73' lang='grc' dir='ltr'><strong>ὅτι·</strong></span> <span class='ocrx_word' id='word_1_140' title='bbox 392 2259 438 2334; x_wconf 73' lang='grc' dir='ltr'><strong>Τιλ</strong></span> <span class='ocrx_word' id='word_1_141' title='bbox 458 2265 548 2332; x_wconf 74' lang='grc' dir='ltr'><strong><em>λαῖον</em></strong></span> <span class='ocrx_word' id='word_1_142' title='bbox 569 2315 592 2331; x_wconf 79' lang='grc'><strong>..</strong></span> <span class='ocrx_word' id='word_1_143' title='bbox 686 2259 799 2346; x_wconf 63' lang='grc' dir='ltr'><strong><em>ἔχοιεν.</em></strong></span> <span class='ocrx_word' id='word_1_144' title='bbox 831 2258 876 2343; x_wconf 72' lang='grc' dir='ltr'><strong>ὥς</strong></span> <span class='ocrx_word' id='word_1_145' title='bbox 898 2259 939 2356; x_wconf 68' lang='grc' dir='ltr'><strong>δή</strong></span> <span class='ocrx_word' id='word_1_146' title='bbox 960 2269 1026 2335; x_wconf 75' lang='grc' dir='ltr'><strong>πᾶν</strong></span> <span class='ocrx_word' id='word_1_147' title='bbox 1053 2262 1236 2335; x_wconf 68' lang='grc' dir='ltr'><strong><em>τούναντίον</em></strong></span> <span class='ocrx_word' id='word_1_148' title='bbox 1264 2262 1345 2345; x_wconf 71' lang='grc' dir='ltr'><strong>ἔθος</strong></span> <span class='ocrx_word' id='word_1_149' title='bbox 1365 2273 1436 2346; x_wconf 79' lang='grc' dir='ltr'><strong><em>τοῖς</em></strong></span> 
     </span>
     <span class='ocr_line' id='line_1_20' title="bbox 191 2365 1432 2463; baseline -0.002 -20"><span class='ocrx_word' id='word_1_150' title='bbox 191 2373 366 2453; x_wconf 78' lang='grc' dir='ltr'><strong><em>Αἰτωλοῖς</em></strong></span> <span class='ocrx_word' id='word_1_151' title='bbox 384 2368 442 2440; x_wconf 75' lang='grc' dir='ltr'><strong>τόν</strong></span> <span class='ocrx_word' id='word_1_152' title='bbox 460 2374 520 2459; x_wconf 79' lang='grc' dir='ltr'><strong>μὲν</strong></span> <span class='ocrx_word' id='word_1_153' title='bbox 538 2365 600 2462; x_wconf 77' lang='lat' dir='ltr'><strong>yoip</strong></span> <span class='ocrx_word' id='word_1_154' title='bbox 622 2365 1030 2463; x_wconf 77' lang='grc' dir='ltr'><strong><em>ἄριστερόνύντοδέδενται,</em></strong></span> <span class='ocrx_word' id='word_1_155' title='bbox 1050 2370 1107 2443; x_wconf 76' lang='grc' dir='ltr'><strong>τόν</strong></span> <span class='ocrx_word' id='word_1_156' title='bbox 1127 2369 1290 2457; x_wconf 53' lang='lat' dir='ltr'><strong>dedederit·</strong></span> <span class='ocrx_word' id='word_1_157' title='bbox 1309 2370 1432 2441; x_wconf 76' lang='grc' dir='ltr'><strong><em>ἀνυπο-</em></strong></span> 
     </span>
     <span class='ocr_line' id='line_1_21' title="bbox 191 2474 1434 2574; baseline -0.002 -23"><span class='ocrx_word' id='word_1_158' title='bbox 191 2484 347 2551; x_wconf 77' lang='grc' dir='ltr'><strong><em>δετοῦσιν·</em></strong></span> <span class='ocrx_word' id='word_1_159' title='bbox 368 2483 422 2549; x_wconf 83' lang='lat' dir='ltr'><strong>dei</strong></span> <span class='ocrx_word' id='word_1_160' title='bbox 438 2475 510 2571; x_wconf 74' lang='grc' dir='ltr'><strong>γάρ,</strong></span> <span class='ocrx_word' id='word_1_161' title='bbox 530 2474 632 2566; x_wconf 80' lang='grc' dir='ltr'><strong><em>οἶμαι,</em></strong></span> <span class='ocrx_word' id='word_1_162' title='bbox 653 2474 709 2546; x_wconf 85' lang='grc' dir='ltr'><strong>τὸν</strong></span> <span class='ocrx_word' id='word_1_163' title='bbox 730 2474 904 2569; x_wconf 77' lang='grc' dir='ltr'><strong><em>ἡγούμενον</em></strong></span> <span class='ocrx_word' id='word_1_164' title='bbox 925 2478 1010 2568; x_wconf 76' lang='grc' dir='ltr'><strong><em>ἔχειν</em></strong></span> <span class='ocrx_word' id='word_1_165' title='bbox 1031 2476 1181 2574; x_wconf 79' lang='grc' dir='ltr'><strong><em>ἐλαφρόν,</em></strong></span> <span class='ocrx_word' id='word_1_166' title='bbox 1212 2477 1282 2551; x_wconf 72' lang='grc' dir='ltr'><strong>ἀλλ’</strong></span> <span class='ocrx_word' id='word_1_167' title='bbox 1317 2476 1357 2549; x_wconf 80' lang='grc' dir='ltr'><strong>οὐ</strong></span> <span class='ocrx_word' id='word_1_168' title='bbox 1377 2476 1434 2549; x_wconf 80' lang='grc' dir='ltr'><strong>τὸν</strong></span> 
     </span>
     <span class='ocr_line' id='line_1_22' title="bbox 190 2590 1435 2676; baseline -0.002 -19"><span class='ocrx_word' id='word_1_169' title='bbox 190 2590 377 2676; x_wconf 80' lang='grc' dir='ltr'><strong><em>ἐμμένοντα.</em></strong></span> <span class='ocrx_word' id='word_1_170' title='bbox 420 2593 566 2675; x_wconf 80' lang='lat' dir='ltr'><strong>Vergilio</strong></span> <span class='ocrx_word' id='word_1_171' title='bbox 586 2610 665 2653; x_wconf 84' lang='lat' dir='ltr'><strong>vero</strong></span> <span class='ocrx_word' id='word_1_172' title='bbox 691 2592 875 2655; x_wconf 84' lang='lat' dir='ltr'><strong>Aristotelis</strong></span> <span class='ocrx_word' id='word_1_173' title='bbox 896 2594 993 2657; x_wconf 89' lang='lat' dir='ltr'><strong>libros</strong></span> <span class='ocrx_word' id='word_1_174' title='bbox 1017 2596 1119 2658; x_wconf 84' lang='lat' dir='ltr'><strong>luisse</strong></span> <span class='ocrx_word' id='word_1_175' title='bbox 1147 2603 1259 2674; x_wconf 90' lang='lat' dir='ltr'><strong>notos,</strong></span> <span class='ocrx_word' id='word_1_176' title='bbox 1292 2613 1354 2656; x_wconf 92' lang='lat' dir='ltr'><strong>uon</strong></span> <span class='ocrx_word' id='word_1_177' title='bbox 1374 2614 1435 2665; x_wconf 86' lang='lat' dir='ltr'><strong>so-</strong></span> 
     </span>
     <span class='ocr_line' id='line_1_23' title="bbox 193 2700 1434 2787; baseline -0.002 -21"><span class='ocrx_word' id='word_1_178' title='bbox 193 2704 257 2767; x_wconf 91' lang='lat' dir='ltr'><strong>lum</strong></span> <span class='ocrx_word' id='word_1_179' title='bbox 278 2706 389 2787; x_wconf 86' lang='lat' dir='ltr'><strong>poesis</strong></span> <span class='ocrx_word' id='word_1_180' title='bbox 411 2701 533 2763; x_wconf 85' lang='lat' dir='ltr'><strong>ratione</strong></span> <span class='ocrx_word' id='word_1_181' title='bbox 552 2700 676 2777; x_wconf 86' lang='lat' dir='ltr'><strong>habita,</strong></span> <span class='ocrx_word' id='word_1_182' title='bbox 708 2702 768 2763; x_wconf 91' lang='lat' dir='ltr'><strong>sed</strong></span> <span class='ocrx_word' id='word_1_183' title='bbox 800 2703 952 2783; x_wconf 87' lang='lat' dir='ltr'><strong>temporis</strong></span> <span class='ocrx_word' id='word_1_184' title='bbox 974 2704 1097 2766; x_wconf 87' lang='lat' dir='ltr'><strong>Sullani</strong></span> <span class='ocrx_word' id='word_1_185' title='bbox 1129 2707 1342 2785; x_wconf 85' lang='lat' dir='ltr'><strong>potissimum,</strong></span> <span class='ocrx_word' id='word_1_186' title='bbox 1371 2720 1434 2783; x_wconf 88' lang='lat' dir='ltr'><strong>quo</strong></span> 
     </span>
     <span class='ocr_line' id='line_1_24' title="bbox 170 2801 1434 2895; baseline -0.002 -21"><span class='ocrx_word' id='word_1_187' title='bbox 170 2801 317 2874; x_wconf 78' lang='lat' dir='ltr'><strong>&#39;Romae</strong></span> <span class='ocrx_word' id='word_1_188' title='bbox 336 2812 450 2872; x_wconf 89' lang='lat' dir='ltr'><strong>iterum</strong></span> <span class='ocrx_word' id='word_1_189' title='bbox 471 2810 547 2872; x_wconf 90' lang='lat' dir='ltr'><strong>editi</strong></span> <span class='ocrx_word' id='word_1_190' title='bbox 566 2819 657 2887; x_wconf 87' lang='lat' dir='ltr'><strong>sunt,</strong></span> <span class='ocrx_word' id='word_1_191' title='bbox 686 2831 750 2873; x_wconf 93' lang='lat' dir='ltr'><strong>non</strong></span> <span class='ocrx_word' id='word_1_192' title='bbox 772 2810 926 2893; x_wconf 89' lang='lat' dir='ltr'><strong>estquod</strong></span> <span class='ocrx_word' id='word_1_193' title='bbox 949 2829 1117 2895; x_wconf 82' lang='lat' dir='ltr'><strong>negemus.</strong></span> <span class='ocrx_word' id='word_1_194' title='bbox 1159 2811 1304 2893; x_wconf 86' lang='lat' dir='ltr'><strong>Denique</strong></span> <span class='ocrx_word' id='word_1_195' title='bbox 1326 2818 1434 2873; x_wconf 85' lang='lat' dir='ltr'><strong>exstat</strong></span> 
     </span>
     <span class='ocr_line' id='line_1_25' title="bbox 192 2916 1435 2999; baseline 0.001 -20"><span class='ocrx_word' id='word_1_196' title='bbox 192 2936 272 2980; x_wconf 88' lang='lat' dir='ltr'><strong>sane</strong></span> <span class='ocrx_word' id='word_1_197' title='bbox 303 2916 451 2979; x_wconf 86' lang='lat' dir='ltr'><strong>Italorum</strong></span> <span class='ocrx_word' id='word_1_198' title='bbox 486 2916 587 2999; x_wconf 83' lang='lat' dir='ltr'><strong>natio,</strong></span> <span class='ocrx_word' id='word_1_199' title='bbox 625 2936 709 2997; x_wconf 87' lang='lat' dir='ltr'><strong>quae</strong></span> <span class='ocrx_word' id='word_1_200' title='bbox 730 2936 792 2978; x_wconf 93' lang='lat' dir='ltr'><strong>uno</strong></span> <span class='ocrx_word' id='word_1_201' title='bbox 814 2917 895 2998; x_wconf 90' lang='lat' dir='ltr'><strong>pede</strong></span> <span class='ocrx_word' id='word_1_202' title='bbox 917 2920 1076 2998; x_wconf 86' lang='lat' dir='ltr'><strong>calceato,</strong></span> <span class='ocrx_word' id='word_1_203' title='bbox 1106 2918 1205 2980; x_wconf 88' lang='lat' dir='ltr'><strong>altero</strong></span> <span class='ocrx_word' id='word_1_204' title='bbox 1227 2916 1343 2979; x_wconf 86' lang='lat' dir='ltr'><strong>nudato</strong></span> <span class='ocrx_word' id='word_1_205' title='bbox 1366 2918 1435 2980; x_wconf 88' lang='lat' dir='ltr'><strong>ibat</strong></span> 
     </span>
     <span class='ocr_line' id='line_1_26' title="bbox 192 3022 1432 3108; baseline 0 -21"><span class='ocrx_word' id='word_1_206' title='bbox 192 3025 234 3087; x_wconf 86' lang='lat' dir='ltr'><strong>ud</strong></span> <span class='ocrx_word' id='word_1_207' title='bbox 257 3023 383 3086; x_wconf 79' lang='lat' dir='ltr'><strong>bellum.</strong></span> <span class='ocrx_word' id='word_1_208' title='bbox 422 3023 461 3085; x_wconf 89' lang='lat' dir='ltr'><strong>ln</strong></span> <span class='ocrx_word' id='word_1_209' title='bbox 480 3022 673 3085; x_wconf 77' lang='lat' dir='ltr'><strong>Samnitibus</strong></span> <span class='ocrx_word' id='word_1_210' title='bbox 692 3023 775 3086; x_wconf 90' lang='lat' dir='ltr'><strong>enim</strong></span> <span class='ocrx_word' id='word_1_211' title='bbox 797 3032 883 3087; x_wconf 89' lang='lat' dir='ltr'><strong>teste</strong></span> <span class='ocrx_word' id='word_1_212' title='bbox 904 3025 998 3089; x_wconf 72' lang='lat' dir='ltr'><strong>[rivio</strong></span> <span class='ocrx_word' id='word_1_213' title='bbox 1020 3027 1080 3105; x_wconf 80' lang='lat' dir='ltr'><strong>ix,</strong></span> <span class='ocrx_word' id='word_1_214' title='bbox 1102 3026 1162 3093; x_wconf 82' lang='lat'><strong>40:</strong></span> <span class='ocrx_word' id='word_1_215' title='bbox 1183 3026 1432 3108; x_wconf 88' lang='lat' dir='ltr'><strong>„sinistrum</strong></span> 
     </span>
     <span class='ocr_line' id='line_1_27' title="bbox 193 3130 1434 3217; baseline 0.001 -22"><span class='ocrx_word' id='word_1_216' title='bbox 193 3150 289 3195; x_wconf 90' lang='lat' dir='ltr'><strong>orus</strong></span> <span class='ocrx_word' id='word_1_217' title='bbox 320 3148 442 3193; x_wconf 88' lang='lat' dir='ltr'><strong>ocrea</strong></span> <span class='ocrx_word' id='word_1_218' title='bbox 475 3130 658 3192; x_wconf 84' lang='lat' dir='ltr'><strong>tectum.“</strong></span> <span class='ocrx_word' id='word_1_219' title='bbox 712 3131 869 3195; x_wconf 82' lang='lat' dir='ltr'><strong>Dextrum</strong></span> <span class='ocrx_word' id='word_1_220' title='bbox 900 3133 981 3216; x_wconf 90' lang='lat' dir='ltr'><strong>apud</strong></span> <span class='ocrx_word' id='word_1_221' title='bbox 1004 3134 1184 3215; x_wconf 85' lang='lat' dir='ltr'><strong>Vergilium</strong></span> <span class='ocrx_word' id='word_1_222' title='bbox 1212 3135 1302 3217; x_wconf 88' lang='lat' dir='ltr'><strong>tegi,</strong></span> <span class='ocrx_word' id='word_1_223' title='bbox 1337 3151 1434 3215; x_wconf 90' lang='lat' dir='ltr'><strong>quum</strong></span> 
     </span>
     <span class='ocr_line' id='line_1_28' title="bbox 188 3237 1499 3323; baseline 0.002 -20"><span class='ocrx_word' id='word_1_224' title='bbox 188 3239 274 3321; x_wconf 83' lang='lat' dir='ltr'><strong>apud</strong></span> <span class='ocrx_word' id='word_1_225' title='bbox 294 3249 421 3322; x_wconf 87' lang='lat' dir='ltr'><strong>poetam</strong></span> <span class='ocrx_word' id='word_1_226' title='bbox 442 3237 577 3321; x_wconf 85' lang='lat' dir='ltr'><strong>legatur,</strong></span> <span class='ocrx_word' id='word_1_227' title='bbox 597 3239 651 3322; x_wconf 82' lang='lat' dir='ltr'><strong>qui</strong></span> <span class='ocrx_word' id='word_1_228' title='bbox 671 3238 714 3301; x_wconf 88' lang='lat' dir='ltr'><strong>ad</strong></span> <span class='ocrx_word' id='word_1_229' title='bbox 735 3240 829 3303; x_wconf 85' lang='lat' dir='ltr'><strong>iidem</strong></span> <span class='ocrx_word' id='word_1_230' title='bbox 851 3260 939 3305; x_wconf 87' lang='lat' dir='ltr'><strong>mere</strong></span> <span class='ocrx_word' id='word_1_231' title='bbox 960 3240 1143 3304; x_wconf 83' lang='lat' dir='ltr'><strong>historicam</strong></span> <span class='ocrx_word' id='word_1_232' title='bbox 1166 3258 1228 3303; x_wconf 86' lang='lat' dir='ltr'><strong>noo</strong></span> <span class='ocrx_word' id='word_1_233' title='bbox 1248 3243 1289 3317; x_wconf 86' lang='lat' dir='ltr'><strong>sit</strong></span> <span class='ocrx_word' id='word_1_234' title='bbox 1310 3246 1434 3305; x_wconf 87' lang='lat' dir='ltr'><strong>astrin-</strong></span> <span class='ocrx_word' id='word_1_235' title='bbox 1498 3320 1499 3323; x_wconf 8' lang='grc' dir='ltr'><strong>Ἴ</strong></span> 
     </span>
     <span class='ocr_line' id='line_1_29' title="bbox 188 3349 1432 3438; baseline -0.001 -24"><span class='ocrx_word' id='word_1_236' title='bbox 188 3352 325 3438; x_wconf 88' lang='lat' dir='ltr'><strong>gendos,</strong></span> <span class='ocrx_word' id='word_1_237' title='bbox 356 3350 430 3414; x_wconf 92' lang='lat' dir='ltr'><strong>nihil</strong></span> <span class='ocrx_word' id='word_1_238' title='bbox 452 3350 588 3432; x_wconf 85' lang='lat' dir='ltr'><strong>impedit.</strong></span> <span class='ocrx_word' id='word_1_239' title='bbox 629 3351 681 3413; x_wconf 88' lang='lat' dir='ltr'><strong>De</strong></span> <span class='ocrx_word' id='word_1_240' title='bbox 701 3352 780 3433; x_wconf 81' lang='lat' dir='ltr'><strong>ipsis</strong></span> <span class='ocrx_word' id='word_1_241' title='bbox 801 3350 954 3413; x_wconf 80' lang='lat' dir='ltr'><strong>Romanis</strong></span> <span class='ocrx_word' id='word_1_242' title='bbox 975 3352 1079 3411; x_wconf 89' lang='lat' dir='ltr'><strong>simile</strong></span> <span class='ocrx_word' id='word_1_243' title='bbox 1100 3349 1175 3432; x_wconf 89' lang='lat' dir='ltr'><strong>quid</strong></span> <span class='ocrx_word' id='word_1_244' title='bbox 1196 3350 1294 3413; x_wconf 89' lang='lat' dir='ltr'><strong>tradit</strong></span> <span class='ocrx_word' id='word_1_245' title='bbox 1315 3351 1432 3431; x_wconf 84' lang='lat' dir='ltr'><strong>Vege-</strong></span> 
     </span>
     <span class='ocr_line' id='line_1_30' title="bbox 191 3456 1499 3539; baseline -0.001 -17"><span class='ocrx_word' id='word_1_246' title='bbox 191 3465 257 3523; x_wconf 91' lang='lat' dir='ltr'><strong>tius</strong></span> <span class='ocrx_word' id='word_1_247' title='bbox 279 3461 315 3535; x_wconf 84' lang='lat' dir='ltr'><strong>l,</strong></span> <span class='ocrx_word' id='word_1_248' title='bbox 338 3458 396 3522; x_wconf 72' lang='lat'><strong>20:</strong></span> <span class='ocrx_word' id='word_1_249' title='bbox 427 3456 540 3538; x_wconf 85' lang='lat' dir='ltr'><strong>„Apud</strong></span> <span class='ocrx_word' id='word_1_250' title='bbox 571 3461 721 3539; x_wconf 84' lang='lat' dir='ltr'><strong>antiquos</strong></span> <span class='ocrx_word' id='word_1_251' title='bbox 748 3476 861 3521; x_wconf 88' lang='lat' dir='ltr'><strong>murus</strong></span> <span class='ocrx_word' id='word_1_252' title='bbox 888 3456 1049 3521; x_wconf 86' lang='lat' dir='ltr'><strong>dicebatur</strong></span> <span class='ocrx_word' id='word_1_253' title='bbox 1077 3456 1236 3538; x_wconf 88' lang='lat' dir='ltr'><strong>pedestris</strong></span> <span class='ocrx_word' id='word_1_254' title='bbox 1258 3463 1433 3539; x_wconf 84' lang='lat' dir='ltr'><strong>exercitus,</strong></span> <span class='ocrx_word' id='word_1_255' title='bbox 1498 3476 1499 3493; x_wconf 37' lang='lat' dir='ltr'><strong>l</strong></span> 
     </span>
     <span class='ocr_line' id='line_1_31' title="bbox 193 3552 1499 3649; baseline -0.002 -18"><span class='ocrx_word' id='word_1_256' title='bbox 193 3568 255 3631; x_wconf 89' lang='lat' dir='ltr'><strong>nisi</strong></span> <span class='ocrx_word' id='word_1_257' title='bbox 287 3563 370 3649; x_wconf 89' lang='lat' dir='ltr'><strong>quod</strong></span> <span class='ocrx_word' id='word_1_258' title='bbox 397 3566 514 3645; x_wconf 88' lang='lat' dir='ltr'><strong>pilatae</strong></span> <span class='ocrx_word' id='word_1_259' title='bbox 536 3565 680 3646; x_wconf 81' lang='lat' dir='ltr'><strong>legiones</strong></span> <span class='ocrx_word' id='word_1_260' title='bbox 700 3573 827 3646; x_wconf 84' lang='lat' dir='ltr'><strong>praeter</strong></span> <span class='ocrx_word' id='word_1_261' title='bbox 847 3574 941 3627; x_wconf 82' lang='lat' dir='ltr'><strong>scuta</strong></span> <span class='ocrx_word' id='word_1_262' title='bbox 960 3568 1055 3629; x_wconf 83' lang='lat' dir='ltr'><strong>etiam</strong></span> <span class='ocrx_word' id='word_1_263' title='bbox 1078 3564 1291 3646; x_wconf 72' lang='lat' dir='ltr'><strong>cataphractis</strong></span> <span class='ocrx_word' id='word_1_264' title='bbox 1310 3568 1435 3649; x_wconf 86' lang='lat' dir='ltr'><strong>galeis·</strong></span> <span class='ocrx_word' id='word_1_265' title='bbox 1498 3552 1499 3555; x_wconf 25' lang='lat'>¹</span> 
     </span>
     <span class='ocr_line' id='line_1_32' title="bbox 191 3672 1432 3761; baseline 0.001 -25"><span class='ocrx_word' id='word_1_266' title='bbox 191 3697 253 3761; x_wconf 88' lang='lat' dir='ltr'><strong>qne</strong></span> <span class='ocrx_word' id='word_1_267' title='bbox 274 3673 450 3761; x_wconf 87' lang='lat' dir='ltr'><strong>fulgebant,</strong></span> <span class='ocrx_word' id='word_1_268' title='bbox 471 3690 574 3754; x_wconf 91' lang='lat' dir='ltr'><strong>usque</strong></span> <span class='ocrx_word' id='word_1_269' title='bbox 595 3690 643 3749; x_wconf 90' lang='lat' dir='ltr'><strong>eo,</strong></span> <span class='ocrx_word' id='word_1_270' title='bbox 673 3680 708 3733; x_wconf 90' lang='lat' dir='ltr'><strong>ut</strong></span> <span class='ocrx_word' id='word_1_271' title='bbox 727 3672 885 3755; x_wconf 81' lang='lat' dir='ltr'><strong>sagittarii</strong></span> <span class='ocrx_word' id='word_1_272' title='bbox 906 3673 1035 3735; x_wconf 86' lang='lat' dir='ltr'><strong>sinistra</strong></span> <span class='ocrx_word' id='word_1_273' title='bbox 1054 3672 1184 3735; x_wconf 87' lang='lat' dir='ltr'><strong>brachia</strong></span> <span class='ocrx_word' id='word_1_274' title='bbox 1205 3674 1337 3739; x_wconf 84' lang='lat' dir='ltr'><strong>manicis</strong></span> <span class='ocrx_word' id='word_1_275' title='bbox 1358 3695 1432 3737; x_wconf 90' lang='lat' dir='ltr'><strong>mn·</strong></span> 
     </span>
     <span class='ocr_line' id='line_1_33' title="bbox 188 3784 1433 3867; baseline -0.002 -17"><span class='ocrx_word' id='word_1_276' title='bbox 188 3791 340 3864; x_wconf 89' lang='lat' dir='ltr'><strong>nirentur,</strong></span> <span class='ocrx_word' id='word_1_277' title='bbox 361 3784 489 3867; x_wconf 86' lang='lat' dir='ltr'><strong>pedites</strong></span> <span class='ocrx_word' id='word_1_278' title='bbox 504 3792 612 3847; x_wconf 84' lang='lat' dir='ltr'><strong>autem</strong></span> <span class='ocrx_word' id='word_1_279' title='bbox 631 3786 753 3850; x_wconf 82' lang='lat' dir='ltr'><strong>scutati</strong></span> <span class='ocrx_word' id='word_1_280' title='bbox 771 3791 897 3865; x_wconf 87' lang='lat' dir='ltr'><strong>praeter</strong></span> <span class='ocrx_word' id='word_1_281' title='bbox 919 3784 1143 3865; x_wconf 76' lang='lat' dir='ltr'><strong>cataphractos</strong></span> <span class='ocrx_word' id='word_1_282' title='bbox 1161 3791 1195 3847; x_wconf 88' lang='lat' dir='ltr'><strong>et</strong></span> <span class='ocrx_word' id='word_1_283' title='bbox 1210 3786 1323 3867; x_wconf 83' lang='lat' dir='ltr'><strong>galeas</strong></span> <span class='ocrx_word' id='word_1_284' title='bbox 1336 3786 1433 3847; x_wconf 88' lang='lat' dir='ltr'><strong>etiam</strong></span> 
     </span>
     <span class='ocr_line' id='line_1_34' title="bbox 187 3890 1498 3974; baseline 0.001 -16"><span class='ocrx_word' id='word_1_285' title='bbox 187 3895 312 3958; x_wconf 81' lang='lat' dir='ltr'><strong>ferreos</strong></span> <span class='ocrx_word' id='word_1_286' title='bbox 334 3910 447 3954; x_wconf 85' lang='lat' dir='ltr'><strong>ocreas</strong></span> <span class='ocrx_word' id='word_1_287' title='bbox 467 3895 511 3952; x_wconf 84' lang='lat' dir='ltr'><strong>in</strong></span> <span class='ocrx_word' id='word_1_288' title='bbox 532 3890 691 3955; x_wconf 88' lang='lat' dir='ltr'><strong>dextris</strong></span> <span class='ocrx_word' id='word_1_289' title='bbox 712 3891 900 3953; x_wconf 90' lang='lat' dir='ltr'><strong>cruribus</strong></span> <span class='ocrx_word' id='word_1_290' title='bbox 924 3900 1115 3973; x_wconf 84' lang='lat' dir='ltr'><strong>cogerentur</strong></span> <span class='ocrx_word' id='word_1_291' title='bbox 1135 3894 1314 3974; x_wconf 86' lang='lat' dir='ltr'><strong>accipere.“</strong></span> <span class='ocrx_word' id='word_1_292' title='bbox 1363 3893 1434 3955; x_wconf 68' lang='grc' dir='ltr'><strong>(3ο-</strong></span> <span class='ocrx_word' id='word_1_293' title='bbox 1497 3948 1498 3959; x_wconf 70' lang='grc'><strong><em>,</em></strong></span> 
     </span>
     <span class='ocr_line' id='line_1_35' title="bbox 190 3999 1433 4084; baseline -0.002 -17"><span class='ocrx_word' id='word_1_294' title='bbox 190 4012 291 4067; x_wconf 87' lang='lat' dir='ltr'><strong>tarum</strong></span> <span class='ocrx_word' id='word_1_295' title='bbox 321 4000 402 4064; x_wconf 86' lang='lat' dir='ltr'><strong>Dido</strong></span> <span class='ocrx_word' id='word_1_296' title='bbox 430 4001 496 4084; x_wconf 90' lang='lat' dir='ltr'><strong>1v,</strong></span> <span class='ocrx_word' id='word_1_297' title='bbox 534 4000 606 4063; x_wconf 80' lang='lat'><strong>518.</strong></span> <span class='ocrx_word' id='word_1_298' title='bbox 633 4019 733 4063; x_wconf 81' lang='lat' dir='ltr'><strong>uuum</strong></span> <span class='ocrx_word' id='word_1_299' title='bbox 762 4006 863 4061; x_wconf 77' lang='lat' dir='ltr'><strong>easta</strong></span> <span class='ocrx_word' id='word_1_300' title='bbox 890 4002 1000 4079; x_wconf 79' lang='lat' dir='ltr'><strong>pedem</strong></span> <span class='ocrx_word' id='word_1_301' title='bbox 1034 4000 1149 4061; x_wconf 79' lang='lat' dir='ltr'><strong>vinclis</strong></span> <span class='ocrx_word' id='word_1_302' title='bbox 1184 3999 1312 4083; x_wconf 82' lang='lat' dir='ltr'><strong>magica</strong></span> <span class='ocrx_word' id='word_1_303' title='bbox 1338 4015 1433 4064; x_wconf 65' lang='lat' dir='ltr'><strong>nors</strong></span> 
     </span>
     <span class='ocr_line' id='line_1_36' title="bbox 187 4107 1433 4194; baseline -0.002 -21"><span class='ocrx_word' id='word_1_304' title='bbox 187 4109 321 4194; x_wconf 85' lang='lat' dir='ltr'><strong>perlicit.</strong></span> <span class='ocrx_word' id='word_1_305' title='bbox 373 4111 467 4190; x_wconf 82' lang='lat' dir='ltr'><strong>Quae</strong></span> <span class='ocrx_word' id='word_1_306' title='bbox 493 4110 639 4193; x_wconf 84' lang='lat' dir='ltr'><strong>magicae</strong></span> <span class='ocrx_word' id='word_1_307' title='bbox 665 4118 753 4172; x_wconf 86' lang='lat' dir='ltr'><strong>artes</strong></span> <span class='ocrx_word' id='word_1_308' title='bbox 786 4126 881 4190; x_wconf 90' lang='lat' dir='ltr'><strong>quum</strong></span> <span class='ocrx_word' id='word_1_309' title='bbox 909 4108 1070 4170; x_wconf 86' lang='lat' dir='ltr'><strong>alllarsis</strong></span> <span class='ocrx_word' id='word_1_310' title='bbox 1095 4107 1295 4187; x_wconf 84' lang='lat' dir='ltr'><strong>potissimum</strong></span> <span class='ocrx_word' id='word_1_311' title='bbox 1316 4108 1433 4171; x_wconf 82' lang='lat' dir='ltr'><strong>fuerint</strong></span> 
     </span>
     <span class='ocr_line' id='line_1_37' title="bbox 194 4212 1498 4296; baseline -0.003 -15"><span class='ocrx_word' id='word_1_312' title='bbox 194 4219 360 4294; x_wconf 86' lang='lat' dir='ltr'><strong>excultae,</strong></span> <span class='ocrx_word' id='word_1_313' title='bbox 398 4219 508 4281; x_wconf 90' lang='lat' dir='ltr'><strong>nescio</strong></span> <span class='ocrx_word' id='word_1_314' title='bbox 540 4236 581 4281; x_wconf 92' lang='lat' dir='ltr'><strong>an</strong></span> <span class='ocrx_word' id='word_1_315' title='bbox 623 4217 663 4281; x_wconf 91' lang='lat' dir='ltr'><strong>ab</strong></span> <span class='ocrx_word' id='word_1_316' title='bbox 684 4217 755 4293; x_wconf 89' lang='lat' dir='ltr'><strong>bis,</strong></span> <span class='ocrx_word' id='word_1_317' title='bbox 791 4216 844 4296; x_wconf 92' lang='lat' dir='ltr'><strong>qui</strong></span> <span class='ocrx_word' id='word_1_318' title='bbox 869 4215 900 4277; x_wconf 91' lang='lat' dir='ltr'><strong>in</strong></span> <span class='ocrx_word' id='word_1_319' title='bbox 929 4215 1064 4277; x_wconf 89' lang='lat' dir='ltr'><strong>conlinio</strong></span> <span class='ocrx_word' id='word_1_320' title='bbox 1086 4215 1201 4278; x_wconf 90' lang='lat' dir='ltr'><strong>saltem</strong></span> <span class='ocrx_word' id='word_1_321' title='bbox 1223 4212 1432 4292; x_wconf 83' lang='lat' dir='ltr'><strong>Gabinorum,</strong></span> <span class='ocrx_word' id='word_1_322' title='bbox 1497 4234 1498 4261; x_wconf 63' lang='grc' dir='ltr'><strong><em>ι</em></strong></span> 
     </span>
     <span class='ocr_line' id='line_1_38' title="bbox 191 4320 1431 4409; baseline -0.001 -19"><span class='ocrx_word' id='word_1_323' title='bbox 191 4324 480 4404; x_wconf 88' lang='lat' dir='ltr'><strong>Praenestinorum,</strong></span> <span class='ocrx_word' id='word_1_324' title='bbox 502 4326 741 4409; x_wconf 81' lang='lat' dir='ltr'><strong>Anagninorum</strong></span> <span class='ocrx_word' id='word_1_325' title='bbox 764 4322 860 4405; x_wconf 87' lang='lat' dir='ltr'><strong>positi</strong></span> <span class='ocrx_word' id='word_1_326' title='bbox 877 4330 962 4397; x_wconf 89' lang='lat' dir='ltr'><strong>sunt,</strong></span> <span class='ocrx_word' id='word_1_327' title='bbox 985 4321 1038 4383; x_wconf 88' lang='lat' dir='ltr'><strong>hie</strong></span> <span class='ocrx_word' id='word_1_328' title='bbox 1057 4339 1128 4385; x_wconf 85' lang='lat' dir='ltr'><strong>mos</strong></span> <span class='ocrx_word' id='word_1_329' title='bbox 1156 4320 1293 4386; x_wconf 89' lang='lat' dir='ltr'><strong>derivari</strong></span> <span class='ocrx_word' id='word_1_330' title='bbox 1310 4332 1431 4404; x_wconf 89' lang='lat' dir='ltr'><strong>potue·</strong></span> 
     </span>
     <span class='ocr_line' id='line_1_39' title="bbox 187 4422 1481 4518; baseline -0.001 -22"><span class='ocrx_word' id='word_1_331' title='bbox 187 4437 241 4497; x_wconf 82' lang='lat' dir='ltr'><strong>rit.</strong></span> <span class='ocrx_word' id='word_1_332' title='bbox 283 4432 430 4495; x_wconf 70' lang='lat' dir='ltr'><strong>tinctum</strong></span> <span class='ocrx_word' id='word_1_333' title='bbox 456 4422 592 4516; x_wconf 65' lang='lat' dir='ltr'><strong>maique</strong></span> <span class='ocrx_word' id='word_1_334' title='bbox 612 4442 709 4517; x_wconf 80' lang='lat' dir='ltr'><strong>togae</strong></span> <span class='ocrx_word' id='word_1_335' title='bbox 730 4430 891 4496; x_wconf 70' lang='lat' dir='ltr'><strong>(labinum</strong></span> <span class='ocrx_word' id='word_1_336' title='bbox 921 4430 1016 4493; x_wconf 78' lang='lat' dir='ltr'><strong>faede</strong></span> <span class='ocrx_word' id='word_1_337' title='bbox 1046 4428 1162 4512; x_wconf 86' lang='lat' dir='ltr'><strong>aliquis</strong></span> <span class='ocrx_word' id='word_1_338' title='bbox 1184 4434 1430 4511; x_wconf 83' lang='lat' dir='ltr'><strong>comparaverit.</strong></span> <span class='ocrx_word' id='word_1_339' title='bbox 1477 4504 1481 4518; x_wconf 25' lang='grc' dir='ltr'>ι</span> 
     </span>
     <span class='ocr_line' id='line_1_40' title="bbox 192 4536 1497 4621; baseline -0.005 -17"><span class='ocrx_word' id='word_1_340' title='bbox 192 4539 286 4621; x_wconf 77' lang='lat' dir='ltr'><strong>Quae</strong></span> <span class='ocrx_word' id='word_1_341' title='bbox 321 4540 394 4603; x_wconf 86' lang='lat' dir='ltr'><strong>talis</strong></span> <span class='ocrx_word' id='word_1_342' title='bbox 434 4540 512 4603; x_wconf 87' lang='lat' dir='ltr'><strong>ritus</strong></span> <span class='ocrx_word' id='word_1_343' title='bbox 550 4558 650 4604; x_wconf 82' lang='lat' dir='ltr'><strong>causa</strong></span> <span class='ocrx_word' id='word_1_344' title='bbox 685 4540 799 4621; x_wconf 81' lang='lat' dir='ltr'><strong>luerit,</strong></span> <span class='ocrx_word' id='word_1_345' title='bbox 841 4537 949 4621; x_wconf 89' lang='lat' dir='ltr'><strong>quaeri</strong></span> <span class='ocrx_word' id='word_1_346' title='bbox 981 4544 1098 4617; x_wconf 87' lang='lat' dir='ltr'><strong>potest.</strong></span> <span class='ocrx_word' id='word_1_347' title='bbox 1150 4536 1358 4602; x_wconf 82' lang='lat' dir='ltr'><strong>Rettulerunt</strong></span> <span class='ocrx_word' id='word_1_348' title='bbox 1390 4538 1429 4603; x_wconf 89' lang='lat' dir='ltr'><strong>ad</strong></span> <span class='ocrx_word' id='word_1_349' title='bbox 1496 4592 1497 4597; x_wconf 75' lang='grc'><strong><em>,</em></strong></span> 
     </span>
     <span class='ocr_line' id='line_1_41' title="bbox 184 4646 1497 4733; baseline -0.004 -23"><span class='ocrx_word' id='word_1_350' title='bbox 184 4668 335 4733; x_wconf 85' lang='lat' dir='ltr'><strong>pugnam.</strong></span> <span class='ocrx_word' id='word_1_351' title='bbox 377 4648 512 4713; x_wconf 86' lang='lat' dir='ltr'><strong>Servius</strong></span> <span class='ocrx_word' id='word_1_352' title='bbox 531 4647 695 4716; x_wconf 86' lang='lat' dir='ltr'><strong>sinistrum</strong></span> <span class='ocrx_word' id='word_1_353' title='bbox 716 4651 763 4712; x_wconf 86' lang='lat' dir='ltr'><strong>ait</strong></span> <span class='ocrx_word' id='word_1_354' title='bbox 782 4648 815 4711; x_wconf 91' lang='lat' dir='ltr'><strong>in</strong></span> <span class='ocrx_word' id='word_1_355' title='bbox 841 4646 1049 4729; x_wconf 87' lang='lat' dir='ltr'><strong>pugnantibus</strong></span> <span class='ocrx_word' id='word_1_356' title='bbox 1077 4646 1210 4727; x_wconf 90' lang='lat' dir='ltr'><strong>primum</strong></span> <span class='ocrx_word' id='word_1_357' title='bbox 1239 4663 1332 4723; x_wconf 91' lang='lat' dir='ltr'><strong>esse,</strong></span> <span class='ocrx_word' id='word_1_358' title='bbox 1360 4646 1429 4730; x_wconf 87' lang='lat' dir='ltr'><strong>tegi</strong></span> <span class='ocrx_word' id='word_1_359' title='bbox 1496 4696 1497 4705; x_wconf 73' lang='grc'><strong><em>,</em></strong></span> 
     </span>
     <span class='ocr_line' id='line_1_42' title="bbox 184 4756 1426 4827; baseline 0.001 -6"><span class='ocrx_word' id='word_1_360' title='bbox 184 4778 264 4823; x_wconf 85' lang='lat' dir='ltr'><strong>vero</strong></span> <span class='ocrx_word' id='word_1_361' title='bbox 294 4771 395 4827; x_wconf 88' lang='lat' dir='ltr'><strong>scuto.</strong></span> <span class='ocrx_word' id='word_1_362' title='bbox 437 4759 505 4823; x_wconf 86' lang='lat' dir='ltr'><strong>Sed</strong></span> <span class='ocrx_word' id='word_1_363' title='bbox 527 4758 569 4821; x_wconf 90' lang='lat' dir='ltr'><strong>de</strong></span> <span class='ocrx_word' id='word_1_364' title='bbox 595 4769 690 4825; x_wconf 86' lang='lat' dir='ltr'><strong>scuto</strong></span> <span class='ocrx_word' id='word_1_365' title='bbox 717 4760 781 4823; x_wconf 88' lang='lat' dir='ltr'><strong>boa</strong></span> <span class='ocrx_word' id='word_1_366' title='bbox 799 4758 841 4823; x_wconf 89' lang='lat' dir='ltr'><strong>de</strong></span> <span class='ocrx_word' id='word_1_367' title='bbox 862 4759 1082 4823; x_wconf 76' lang='lat' dir='ltr'><strong>Praenestinis</strong></span> <span class='ocrx_word' id='word_1_368' title='bbox 1103 4756 1266 4825; x_wconf 70' lang='lat' dir='ltr'><strong>r’diculuar</strong></span> <span class='ocrx_word' id='word_1_369' title='bbox 1289 4766 1342 4824; x_wconf 83' lang='lat' dir='ltr'><strong>est</strong></span> <span class='ocrx_word' id='word_1_370' title='bbox 1364 4757 1426 4822; x_wconf 88' lang='lat' dir='ltr'><strong>ad-</strong></span> 
     </span>
    </p>
   </div>
   <div class='ocr_carea' id='block_1_4' title="bbox 0 0 1504 5184">
    <p class='ocr_par' dir='ltr' id='par_1_4' title="bbox 0 0 1504 5184">
     <span class='ocr_line' id='line_1_43' title="bbox 0 0 1504 5184; baseline 0 0"><span class='ocrx_word' id='word_1_371' title='bbox 0 0 1504 5184; x_wconf 95' lang='lat' dir='ltr'><strong> </strong></span> 
     </span>
    </p>
   </div>
  </div>
 </body>
</html>
