3000 5184
217 221 257 282 44
714 221 772 284 lte
791 204 984 286 etaecieo.

188 472 191 480 ‚
217 397 360 484 videtur(
368 402 549 466 attribuere.
592 401 701 482 Quid?
721 403 775 466 hic
795 393 947 468 numerus
967 406 1052 468 omni
1080 403 1314 488 significatione
1330 397 1464 472 'earett

218 511 305 574 Nihil
326 510 366 574 de
384 509 448 576 hac
468 529 506 574 re
525 511 660 576 Servius
680 513 897 576 monet-aliae
921 512 1032 578 dmum
1065 505 1169 579 rernm
1201 507 1268 578 tam
1297 517 1464 580 cmioeua.

218 619 288 685 Sed
309 638 405 702 quum
425 618 557 682 indictio
576 619 729 684 fetialium
750 620 794 683 sit
815 618 973 703 odicium,
1001 622 1129 686 'l'urnua
1160 624 1268 707 itaque
1288 627 1388 706 quasi
1415 625 1466 687 ie-

218 727 338 791 tiaiium
358 725 505 808 princeps
518 727 573 790 vcl
592 736 682 808 pater
702 739 847 810 patratae
868 731 1164 796 sitexietimandue:
1187 732 1301 812 viginti
1314 735 1465 796 illosco·

217 841 313 902 mites
332 834 459 900 fetiales
480 835 543 898 aiut
562 843 694 917 oportet.
716 838 867 903 Attente
888 839 994 902 Nonio
1016 839 1123 904 Varro
1144 839 1185 903 de
1208 842 1278 904 vita
1297 842 1336 904 Ρ.
1352 841 1402 906 R.
1425 843 1465 904 11.

218 949 274 1026 (ir.
295 968 325 1031 p.
344 947 432 1022 ate.)
452 956 600 1031 quattuor
620 954 744 1010 tantum
765 946 921 1011 nominat:
964 948 1103 1030 „itaque
1130 947 1213 1013 belia
1239 958 1274 1012 et
1300 949 1399 1012 tarde
1434 959 1466 1011 et

218 1075 338 1141 magna
357 1057 485 1122 licentia
505 1057 733 1138 suscipiebant,
755 1055 839 1140 qnod
861 1057 976 1119 beilum
999 1057 1116 1121 nulium
1137 1057 1196 1120 uiai
1208 1059 1294 1140 pium
1304 1058 1466 1140 putabant

151 1211 155 1220 ,
212 1168 289 1249 -gcri
300 1176 455 1248 oportere,
471 1165 558 1248 priua
569 1184 663 1248 qnam
674 1164 970 1230 indicerentueltnm
984 1165 1036 1247 iia,
1049 1185 1070 1228 a
1081 1164 1194 1249 quibua
1213 1166 1341 1230 iniuriae
1351 1168 1464 1230 factae

168 1311 171 1314 -
221 1273 376 1352 aciebarnt,
398 1275 525 1337 setiaiea
545 1273 673 1354 legatos
702 1289 757 1333 rea
784 1271 952 1352 repetitum
985 1271 1153 1335 mittebant
1178 1280 1340 1354 quattuor,
1380 1293 1466 1356 quos

218 1378 566 1448 oratoraavocabaut“
577 1380 646 1446 Sed
667 1380 866 1445 idem·Varro
887 1378 1002 1444 eodem
1022 1379 1171 1445 laudante
1184 1383 1398 1464 grammatico
1410 1384 1466 1444 111.

211 1493 278 1574 (st.
295 1514 325 1574 p.
342 1491 435 1572 atu.)
461 1509 587 1556 omnem
609 1489 832 1554 difficultatem
854 1490 992 1553 extricat
1011 1490 1095 1553 haec
1115 1488 1280 1554 adferens:
1303 1489 1467 1554 »Siccine

218 1601 312 1684 iegati
332 1600 444 1664 violati
464 1607 588 1680 meent,
609 1598 661 1679 qui
681 1597 715 1660 id
735 1597 905 1671 fecissent,
937 1594 1087 1676 quamvis
1109 1595 1231 1659 nobiles
1252 1605 1384 1681 caecet,
1418 1598 1464 1658 uti

218 1705 409 1772 dederentur
429 1705 557 1770 civitati
577 1711 767 1786 statuerunt,
784 1700 1146 1792 fetialesqueviginti,
1168 1701 1277 1783 quide
1288 1703 1341 1768 hia
1357 1705 1482 1792 rebus,

217 1819 465 1902 cognoscerent,
486 1812 660 1876 iudicarent
681 1821 714 1873 et
735 1817 924 1892 statuerent,
943 1811 1206 1873 consueuerant«

721 2045 724 2051 ·
779 2054 885 2144 §.ea

300 2391 422 2474 Magna
443 2395 524 2452 inter
553 2388 740 2452 Homericae
761 2386 1031 2469 Vergilianaaque
1057 2385 1246 2467 proeliorum
1270 2381 1465 2464 descriptio-

218 2519 278 2572 nes
298 2499 350 2563 illa
369 2497 537 2562 intercedit
558 2495 753 2578 differentia,
781 2503 817 2559 nt
837 2494 921 2578 apud
944 2493 1105 2562 Graecum
1126 2511 1180 2556 are
1200 2492 1324 2555 musica
1345 2490 1391 2554 ad
1414 2492 1465 2552 hi·

218 2609 379 2675 tarandam
401 2610 471 2672 fere
491 2609 595 2671 aetum
615 2604 713 2669 vitam
734 2605 903 2668 humanam
923 2613 1087 2686 appareat,
1116 2602 1300 2684 citharaque
1320 2600 1393 2662 fere
1414 2599 1465 2660 vet

209 2719 288 2802 'lyra
308 2719 521 2796 contineatur,
543 2714 626 2796 apud
654 2713 831 2777 Romanum
857 2721 987 2794 poetam
1009 2710 1198 2793 praecipuae
1225 2710 1268 2770 eit
1287 2709 1318 2770 in
1342 2729 1381 2770 re
1401 2710 1463 2770 rui-

216 2829 301 2892 iitari
327 2846 417 2890 nens.
463 2824 538 2888 Huc
563 2833 638 2886 ante
665 2824 771 2885 omnia
794 2822 931 2903 pertinet
956 2837 1027 2881 mos
1055 2820 1168 2903 signi
1195 2817 1344 2893 dationis,
1367 2836 1464 2899 quum

218 2939 272 3000 vel
291 2953 401 3018 pugna
422 2930 671 2997 concurrendum
693 2931 746 2991 vol
768 2929 882 2992 caenia
903 2925 1134 3006 decedendum,
1154 2927 1209 2988 vet
1229 2926 1261 2987 in
1278 2924 1364 2989 aliud
1383 2941 1464 3004 opus

218 3043 353 3108 mititare
374 3043 417 3106 sit
435 3038 688 3104 incumbendum.
731 3039 813 3102 Aen.
835 3040 892 3120 ΙΙΙ,
915 3035 993 3099 239:

601 3153 670 3216 Dat
690 3152 819 3227 εἰρηκει»
841 3148 975 3226 apecula
994 3147 1145 3210 Mieenua
1166 3147 1205 3205 od
1227 3142 1295 3204 ulta

300 3260 386 3348 Aere
407 3277 492 3323 eaeo.
534 3259 699 3320 Incedunt
717 3259 808 3339 accii,
830 3263 864 3318 et
879 3276 961 3318 noea
978 3255 1103 3334 proelia
1135 3258 1300 3332 temptant.

219 3369 276 3446 111,
299 3365 379 3428 519:

138 3463 140 3470 ’
298 3480 367 3541 Dat
386 3471 506 3534 clamem
528 3491 546 3532 e
565 3475 667 3552 puppe·
684 3472 824 3549 eipnom,
845 3487 906 3530 ooo
925 3475 1032 3542 caetra
1054 3485 1221 3528 moeenum

218 3587 278 3668 xl,
299 3581 376 3648 474:

465 3688 556 3752 Bello
575 3691 631 3750 dot
650 3692 780 3766 aipoam
801 3679 1093 3764 rauecficruentum

300 3802 437 3866 Beona.

221 3909 294 3986 xil,
319 3908 396 3971 129:

297 4013 403 4094 thue
422 4015 495 4082 dcto
516 4019 608 4094 apoc
628 4019 734 4095 apetie
753 4019 788 4076 tn
808 4032 870 4076 aaa
891 4015 1026 4092 putenm
1046 4014 1187 4072 recurrit.

220 4119 291 4182 Dea
311 4119 439 4183 Allecto
458 4120 536 4202 v11,
558 4119 637 4186 513:

296 4227 464 4293 Paetorole
484 4216 573 4294 currit
592 4234 733 4311 cipum,

217 4352 281 4420 quo
302 4333 419 4399 balium
441 4335 626 4419 incenditur,
648 4337 707 4421 IX,
729 4335 812 4402 394:

291 4443 396 4508 noun
411 4462 521 4528 equor,
542 4447 634 4506 audit
651 4449 804 4526 strepitur
827 4452 860 4508 et
878 4449 973 4524 ripae
993 4452 1191 4528 sequentum.
1258 4503 1261 4509 .

209 4551 272 4632 Qui
299 4569 379 4616 vero
404 4551 486 4614 betto
517 4554 589 4632 ipso
614 4553 798 4616 imminente
834 4547 1113 4618 monumentorum
1148 4553 1303 4636 atrepitue
1334 4550 1458 4627 editru,

207 4679 291 4726 voce
312 4663 443 4744 propria
465 4658 635 4740 otassicum
655 4661 845 4742 appellatur.
887 4659 965 4723 inde
987 4662 1064 4743 vlt,
1086 4660 1168 4726 aare
1267 4705 1272 4708 -

292 4769 438 4834 caroea
458 4769 586 4846 ianque
606 4774 732 4848 sonant,
754 4767 879 4829 &delto
900 4775 1023 4832 maere
1043 4772 1182 4848 cipum
