3000 5184
475 223 530 284 De
552 219 731 284 foedere.
969 185 972 196 Ι
1045 314 1051 328 .
1155 223 1217 288 119

11 413 111 473 issori
133 431 151 474 a
175 413 277 492 nobis,
301 430 383 490 quae
405 410 475 472 fluis
499 411 643 471 funestae
664 407 814 484 familiae,
838 408 923 490 quod
945 427 1046 491 genus
1067 407 1216 470 saerifloii

0 539 61 580 re
82 519 274 580 verbeoibus
295 518 365 597 tat,
403 517 665 598 quemadmodum
695 537 731 579 os
755 517 920 579 reseetum'
935 527 1016 579 terra
1039 518 1215 601 obtegatur,
1289 564 1293 572 .
1375 503 1395 576 s

0 645 121 707 meque
142 627 173 687 in
195 644 291 705 porea
313 633 476 686 eontracta
498 628 566 686 iura
588 621 686 689 sint.“
728 625 861 688 Paullus
883 645 925 687 ex
947 626 1063 687 liesto:
1094 627 1215 706 „Porci

28 736 103 817 gies
123 735 202 794 inter
226 731 481 811 militariasigna
505 732 643 809 quintum
667 732 768 792 tooum
791 731 959 806 obtinebat,
981 733 1055 811 quio
1073 731 1217 793 coniecto

0 841 70 922 uo,
95 845 278 922 intorques
302 860 366 920 pax
388 839 496 920 fieret?
520 857 615 901 eaesa
637 856 733 919 porea
755 838 869 899 foedus
891 837 1017 901 firmare
1037 827 1216 902 solabaut.“

25 959 110 1011 eton.
134 948 246 1011 Claud.
268 947 325 1009 25:
357 947 463 1029 „Cum
480 946 611 1030 regibus
633 946 747 1008 foedus
764 950 796 1008 in
819 947 888 1006 iero
919 947 975 1008 ieit
1001 966 1098 1028 porea
1117 966 1220 1010 -oaesa

34 1065 149 1118 vetere
172 1057 322 1118 fetialium
341 1056 537 1137 praefatione
566 1054 733 1117 adhibita.“
783 1053 935 1116 Ceterum
965 1053 1005 1115 de
1037 1073 1134 1136 porco
1167 1059 1220 1120 vei
1270 1053 1273 1057 ’
1358 1046 1361 1051 “

0 1181 72 1223 moa
102 1164 194 1224 ritum
223 1163 360 1226 indicant
387 1165 470 1224 numi
491 1181 523 1224 v.
545 1183 577 1245 g.
598 1162 705 1246 gentis
727 1162 886 1223 Antistiae
908 1179 981 1224 eum
1002 1162 1219 1244 inscriptione:

1 1271 166 1334 ΛΕΒΑΒ.
190 1269 296 1334 AVG.
320 1272 388 1333 TR.
410 1271 505 1333 P0'l'.
527 1270 626 1334 ,vna
647 1269 705 1332 ns.
750 1270 912 1333 vttrvs.
952 1269 1146 1335 Fouuvs.
1182 1273 1218 1336 P.

6 1376 353 1442 ,cvtaGntttNrs
375 1380 552 1441 AN'l'iS'l'.
582 1379 718 1441 tflt'ttt.
768 1378 926 1454 (Klausen
943 1379 1085 1438 -Aeneas
1113 1380 1151 1439 'a
1179 1381 1220 1440 11.
1272 1425 1277 1432 .

5 1488 39 1548 b.
63 1489 88 1564 1,
113 1487 177 1568 7.),
206 1487 285 1548 alins
305 1487 445 1548 eiusdem
467 1488 569 1568 gentis
591 1487 720 1560 (Witde
740 1486 798 1548 sei.
829 1488 971 1548 numism.
1000 1495 1063 1546 ant.
1086 1487 1220 1549 Amste-
1259 1548 1261 1555 ,

2 1595 226 1675 nomiman
241 1593 326 1672 167.)
339 1615 410 1656 oum
435 1595 636 1675 inscriptione
648 1595 779 1674 eapitis:
800 1593 888 1656 IMP.
903 1594 1030 1657 CAES.
1042 1591 1213 1657 AVGVS.

9 1710 42 1764 '.
66 1704 163 1768 P0'r.
185 1703 274 1766 v111.
297 1704 353 1766 ns.
377 1703 539 1764 VE'PVS.
565 1701 697 1766 rost).
723 1703 759 1764 P.
784 1703 823 1766 tt.
845 1703 955 1764 CVM.
969 1701 1163 1764 GABlNiS.
1179 1703 1218 1765 0.

8 1812 155 1873 WIST.
185 1814 221 1873 1ιι
250 1812 312 1873 hoo
340 1831 433 1872 numo
454 1813 580 1873 fetiales
610 1812 670 1890 ipsi
697 1829 816 1891 porcae
844 1828 1022 1873 conversae
1048 1813 1146 1893 pedes
1167 1821 1220 1875 te-

0 1929 61 1998 nt,
86 1919 213 1982 flamma
226 1920 258 1982 in
273 1937 327 1979 ara
339 1928 489 1980 coronata
501 1919 679 2000 lucente,iu
704 1920 806 2000 priore
827 1919 959 1982 dextras
974 1924 1107 2005 iungunt
1120 1941 1218 2001 porea

26 2047 116 2089 aram
140 2026 294 2108 deposita.
326 2027 452 2087 'l'ertius
474 2035 583 2087 exstat
606 2046 719 2088 numus
742 2027 875 2108 Capuae
896 2045 968 2091 aum
991 2031 1096 2110 eapite
1120 2033 1220 2112 Iovis,

2 2155 29 2196 s.
55 2136 180 2197 duobus
201 2131 421 2196 sacerdotibus
444 2145 572 2216 porcam
597 2135 774 2197 tenentibus
797 2144 829 2196 et
850 2135 957 2217 gladio
979 2138 1032 2199 vei
1055 2141 1146 2203 sitioe
1164 2161 1221 2204 ar-

5 2248 71 2307 ans
94 2247 181 2310 uus.
202 2245 278 2306 urit.
300 2247 344 2306 n.
365 2245 428 2307 aaa.
452 2247 490 2320 n,
515 2247 544 2307 a.
569 2245 643 2324 (m,
667 2247 697 2307 a.
731 2247 878 2307 utronea
907 2247 1016 2328 ‚suppa
1044 2250 1068 2310 1.
1096 2268 1126 2329 p.
1146 2248 1218 2312 aas.
1291 2241 1294 2246 ’
1361 2233 1364 2236 ’
1498 2316 1500 2329 1

22 2353 110 2436 249„
130 2354 240 2414 similis
269 2371 340 2415 eum
368 2355 472 2432 eapite
498 2353 586 2413 Iovis
616 2353 767 2433 inscripto
790 2332 938 2447 ROMA,
968 2356 1026 2418 tas.
1049 2358 1160 2420 eadem
1184 2370 1217 2422 et

2 2463 177 2543 scriptione
199 2461 286 2524 Osca
308 2463 394 2523 Mus.
417 2462 508 2526 Borb.
531 2463 567 2522 ’1.
591 2463 629 2526 11.
651 2462 730 2526 'l‘ab.
755 2463 801 2522 16.
824 2482 870 2522 ur.
894 2463 942 2527 13.

57 2570 129 2630 Duo
142 2588 219 2629 vero
235 2568 288 2630 hio
301 2577 424 2630 restare
442 2567 595 2640 videntur,
614 2585 705 2647 quae,
724 2578 872 2650 quantum
888 2571 1019 2648 seimus,
1040 2573 1081 2635 ad
1096 2581 1219 2636 certum

2 2678 111 2758 iquem
127 2696 245 2738 morem
259 2675 434 2739 Romanum
451 2675 597 2736 revocari
611 2684 781 2754 nequeant,
803 2675 936 2754 primum
953 2676 1037 2758 quod
1049 2679 1121 2757 xit,
1140 2678 1219 2742 173:
1280 2724 1290 2739 .
1415 2731 1417 2742 .
1494 2671 1496 2678 “

638 2785 789 2862 Tempora
808 2787 925 2865 ferro
1016 2806 1020 2812 ·

57 2892 192 2955 Summo
213 2901 325 2954 notant
344 2897 508 2972 pecudum.

4 3023 84 3089 uid?
123 3026 255 3088 Ferrum
285 3025 467 3108 adhibetur,
495 3043 589 3108 quum
618 3023 730 3085 Livius
746 3025 780 3101 1,
801 3023 851 3090 24.
883 3043 965 3087 saxo
984 3024 1074 3088 silice
1096 3026 1220 3105 percuti

0 3153 102 3198 roam
127 3134 253 3196 disertis
273 3133 381 3195 verbis
410 3133 547 3208 nuntiet,
579 3151 672 3214 quum
694 3133 803 3215 privos
825 3132 947 3215 lapides
967 3133 1075 3195 silices
1094 3135 1221 3196 fetiales
1273 3154 1275 3157 ’
1393 3159 1398 3172 1
1440 3139 1443 3228 i
1488 3148 1490 3182 1

18 3280 21 3287 f
41 3243 85 3316 X,
107 3239 156 3304 43.
168 3259 277 3302 seeum
287 3241 430 3316 Africam
445 3240 621 3320 deportent.
652 3245 697 3302 At
712 3241 896 3322 irequehoo
912 3241 1045 3304 Homeri
1057 3252 1118 3327 est,
1138 3243 1220 3326 apud

16 3369 68 3410 em
77 3353 317 3410 instrumentum
327 3349 954 3429 aereum‚nequeomninohaeeresnimis
963 3350 1115 3434 urgenda,
1124 3370 1219 3431 quum

0 3468 90 3520 stea
109 3478 148 3519 ne
168 3457 320 3518 feriantur
342 3455 477 3536 quidem,
496 3456 553 3517 sed
565 3457 636 3518 att.
652 3457 682 3517 in
705 3456 863 3518 flammam
875 3448 949 3532 [ἐπὶ
968 3453 1032 3517 τιῐν
1052 3445 1218 3542 ἐμπύρων)
1277 3467 1279 3475 ’

7 3568 160 3649 gulentur
187 3564 338 3646 pecudes,
368 3583 461 3645 quum
483 3584 544 3624 non
568 3566 685 3644 capita,
707 3562 766 3625 sed
788 3564 922 3640 visitem,
944 3571 980 3625 ut
1001 3564 1084 3645 apud
1096 3556 1220 3628 Roma-

1 3695 34 3737 ts
56 3692 126 3736 mos
147 3681 209 3753 est,
232 3672 412 3751 eripiantur.
456 3673 596 3732 Alterum
619 3658 796 3756 πρόβλημα
811 3672 1014 3752 graviusest,
1046 3672 1218 3734 Nouenim

1 3801 104 3845 ream
132 3798 223 3841 unam
253 3777 373 3860 solam,
406 3777 464 3838 sed
490 3783 648 3839 intonsam
670 3780 823 3839 bidentem
850 3777 1000 3840 adiioiunt
1019 3779 1216 3843 sacerdotes.

4 3894 67 3956 alia
88 3888 254 3972 Vergilius
289 3905 351 3948 uon
382 3887 576 3961 inconsulto,
612 3907 723 3980 neque¹
744 3906 806 3951 sua
827 3886 956 3949 flatione
976 3887 1103 3949 effutire
1121 3868 1217 3952 solet.

7 3998 59 4061 uid
81 4014 168 4078 ergo,
181 3987 299 4055 ovemi
340 3993 508 4072 Nusquam
539 3995 637 4055 simile
658 3995 840 4075 exemptum
862 3994 995 4075 repperi,
1019 3995 1219 4077 Serviusque

18 4114 90 4167 otus
113 4103 165 4163 ille
186 4111 236 4181 et,
268 4121 361 4183 quem
383 4110 492 4183 putant
513 4103 572 4164 viri
607 4101 711 4176 docti,
744 4103 954 4183 interpolatus
981 4102 1080 4163 verba
1099 4098 1218 4184 habeta
1317 4114 1320 4122 '

0 4231 85 4274 nne
98 4230 192 4272 ovem
207 4209 334 4274 Graeco
355 4230 443 4272 more
464 4209 585 4271 foederi
607 4210 774 4273 adhibuit«
796 4196 902 4271 Λύσιν
918 4210 1015 4271 huius
1026 4212 1220 4292 quaestionis

13 4321 134 4384 otiores
157 4293 278 4380 eruant.
319 4316 430 4378 Potest
451 4325 547 4396 poeta
568 4318 619 4378 vet
637 4337 679 4378 ex
694 4322 823 4399 antiquo
837 4317 940 4400 atiquo
955 4317 1032 4380 libro
1046 4312 1216 4399 pontificati
1272 4324 1275 4329 ’

0 4427 196 4492 arimoniam
223 4426 319 4488 talam
349 4442 464 4506 nosse,
499 4424 552 4486 vel
584 4422 664 4486 duos
693 4423 929 4487 diversissimos
950 4427 1085 4507 populos
1107 4437 1217 4490 notare

3 4539 126 4613 luisse,
146 4535 280 4596 alterum
302 4534 394 4608 euius
409 4551 506 4615 porea
519 4533 622 4609 (alba)
637 4533 763 4614 signum
782 4533 837 4614 sit,
859 4534 1063 4595 Troianorum
1086 4538 1217 4599 alterum

15 4652 24 4712 i
45 4649 117 4712 ovis
138 4633 181 4710 sit
202 4646 371 4730 destinata,
394 4647 447 4708 vel
469 4645 581 4709 foedus
602 4649 646 4709 ita
667 4655 830 4730 patrasse,
859 4655 893 4708 ut
912 4645 1083 4726 infectum,
1105 4643 1216 4719 idest,
1331 4711 1336 4718 ,

2 4779 34 4821 ,ιι
62 4761 122 4822 rite
150 4755 325 4838 perfectum
358 4754 464 4818 talium
492 4750 595 4818 rer'um
628 4767 729 4838 gnaro
762 4754 867 4818 νίειιιιι
895 4753 946 4816 sit.
989 4738 1231 4851 laatiui'detiam.
