3000 5184
468 247 526 308 De
546 241 821 307 vestimentis.
1215 243 1280 306 24³

41 431 177 492 mulieris
198 433 436 508 vestimentum,
456 427 600 500 honest,
621 426 749 488 tunicae
771 421 928 505 pallium.“
951 423 1084 503 (luiuria
1110 429 1171 488 viri
1195 425 1278 488 docti

41 541 209 602 insumis
233 537 523 602 Herculanensibue
544 537 630 596 Mus.
653 534 789 596 Burbon.
812 533 884 598 Vol.
907 534 1036 596 ll.'l'ab.
1057 533 1088 597 5.
1105 543 1140 596 et
1161 535 1191 597 6.
1225 535 1279 597 tu'-'

41 648 238 727 nicopallium
265 645 412 708 uidentur
441 648 611 723 statuisse,
646 643 727 723 palla
754 641 866 704 saltem
899 661 960 704 nou
991 653 1040 706 est
1069 645 1173 706 vestis
1203 643 1280 718 illu.)

42 759 196 820 Mirantur
214 760 241 830 1,
262 757 333 821 711.
356 757 476 838 pallam
491 756 585 817 illam.
608 753 671 816 Gir.
697 753 776 816 1492

121 867 293 928 Procurre’t
312 869 420 942 cirac:
441 865 527 944 qued
544 867 594 924 nli
612 882 652 923 ne
669 865 796 940 predita
817 863 890 923 lude

124 976 318 1037 Auratam
338 975 454 1052 qrncili
478 975 628 1035 solvisset
641 993 773 1051 corpere
792 973 924 1053 pullum.

44 1081 125 1142 Aliis
147 1081 245 1142 etiam
268 1081 449 1143 mulieribus
471 1087 565 1160 poeta
585 1080 700 1160 pallam
722 1079 837 1153 tribuit,
862 1079 923 1162 Vl,
946 1077 1024 1141 555:

128 1191 363 1268 utercumque
382 1190 505 1262 sedena,
526 1188 616 1266 pullu
635 1189 802 1249 enceinetn
823 1195 962 1248 eruenta.

42 1299 92 1359 ubi
113 1299 249 1360 verbum
267 1301 434 1359 'mecinetu
455 1316 518 1357 nnn
538 1294 578 1356 ad
600 1297 760 1379 cingulum
783 1294 906 1377 aliquod
929 1301 1063 1375 spectat,
1077 1293 1135 1356 sed
1158 1297 1281 1357 nonnisi

42 1404 313 1486 'cunimundum
333 1403 501 1484 significat.
523 1401 577 1467 cf.
598 1403 769 1479 x113411:
791 1405 976 1464 enceinelne
997 1407 1123 1470 amictu.
1144 1403 1190 1482 X,
1201 1403 1280 1467 6342

43 1517 332 1575 nimbo-recemum
353 1513 428 1588 Vll,
436 1511 514 1576 188:
542 1510 735 1574 &ermerus
760 1512 877 1574 trabea.
899 1509 1050 1572 Notanda
1072 1513 1166 1572 etiam
1188 1509 1280 1586 Vlll,

42 1621 121 1684 702:
726 1623 730 1630 “

125 1729 176 1788 nt
194 1730 299 1786 aenan
318 1727 464 1803 nnuma
485 1727 573 1785 uadit
586 1726 760 1785 Discordia
779 1723 878 1802 palla.

100 1835 412 1898 -Crncvuruxnvu
444 1833 578 1893 Vnuvu.
622 1831 724 1892 Huius
758 1849 820 1892 una
848 1838 971 1892 tantum
1002 1830 1087 1912 apud
1116 1831 1281 1894 Maronem

44 1940 170 2008 neuun.
184 1933 292 2000 exstat
323 1940 350 2019 1,
372 1939 455 2018 649,
486 1957 546 2020 quo
573 1939 645 1999 luco
673 1937 775 1999 rarius
802 1937 903 1998 fuisse
924 1941 1150 2000 vestimentum
1184 1945 1281 2018 patet.

45 2049 178 2109 Aenean
190 2050 282 2108 »anina
302 2057 429 2125 praeter
450 2048 515 2108 alia·
533 2067 664 2109 munera
682 2048 790 2109 Iliacis
814 2047 947 2112 flammis
967 2059 1075 2132 erepta
1096 2051 1169 2113 ierri
1183 2050 1283 2113 iubet:
1363 2052 1368 2066 '

125 2158 177 2218 Et
195 2155 440 2217 circumtextum
461 2177 567 2218 croceo
587 2159 728 2218 uelamen
750 2159 896 2232 acantho,

127 2263 273 2325 ornatur
290 2262 431 2340 Arnim
452 2264 603 2339 Helenae,
625 2284 703 2342 praee
724 2263 782 2324 illa
802 2263 964 2346 Mycenis,

124 2373 288 2448 Perperna
310 2393 381 2432 enm
399 2380 523 2447 peteret
538 2379 797 2452 inconcessosque
817 2375 1029 2472 Hymenuepe,

106 2479 317 2553 'Eoetnlerat,
342 2485 454 2540 matria
473 2481 581 2542 Indae
601 2485 742 2543 mirabile
763 2487 889 2544 (lunum.

46 2586 208 2660 Minentur
226 2585 351 2666 1,;711;

108 2742 112 2751 .
130 2693 509 2774 nothmannorum
530 2715 639 2756 croceo
660 2696 800 2756 uelamen
822 2697 968 2759 acantho.

47 2817 189 2882 Servius
210 2820 251 2882 ad
271 2821 405 2901 priorem
428 2819 546 2882 locum:
569 2818 771 2900 „cycladem
792 2815 988 2902 significat.“
1025 2817 1167 2885 Clariora
1189 2825 1286 2890 docet

48 2930 162 2992 isidor.
185 2930 277 3013 xlx,
299 2931 353 3012 24,
379 2932 431 2993 10:
453 2903 736 3014 „tiircumtextum
769 2930 853 3012 quod
875 2927 1001 2994 Graece
1021 2917 1137 3005 κύκλας
1159 2933 1284 3020 dicitur,

48 3037 89 3098 de
112 3054 183 3118 qunz
198 3037 378 3122 Vergilius:
399 3040 709 3098 Et'circumtentnm
731 3058 838 3098 croceo
859 3039 999 3098 velamen
1020 3043 1166 3103 acantho.
1211 3041 1286 3106 Cir·

49 3151 249 3209 cumterrtnm
278 3153 383 3205 autem
412 3143 546 3219 dictum,
581 3143 654 3223 quia
681 3142 850 3204 rotundum
883 3143 1044 3234 palliumf‘
1088 3147 1288 3214 Cruceum'

47 3253 221 3314 acanthum
245 3252 383 3332 explicet
403 3248 508 3313 Varro
530 3251 568 3311 11·
591 3251 628 3311 h.
651 3247 693 3315 V.
718 3249 840 3324 §.1322
867 3252 1033 3332 „Amici-ui
1054 3252 1182 3332 dictum,
1202 3258 1286 3339 quud

48 3362 240 3423 ambientum
263 3368 322 3433 est,
346 3359 378 3420 id
400 3371 450 3421 ent
472 3361 718 3440 circumiectum,
741 3379 761 3421 a
784 3379 846 3440 qun
870 3363 975 3439 etiam,
1007 3381 1069 3444 quo
1090 3367 1228 3424 vestitas
1251 3385 1287 3425 se

48 3470 232 3551 involvunt,
256 3469 468 3530 circumiectui
491 3470 657 3548 appellant.
679 3470 721 3530 Et
745 3467 827 3550 quod
849 3469 978 3529 amictui
1004 3467 1100 3531 habet
1121 3491 1288 3555 purpuram

49 3581 327 3659 circumponunt
351 3577 623 3641 circumtextum
653 3577 807 3639 Fortasse
828 3587 933 3640 temen
954 3581 1047 3640 etiam
1070 3582 1214 3643 velamen
1237 3585 1290 3646 vel
1350 3623 1351 3627 =

50 3687 164 3747 velum
180 3693 255 3746 erat·
269 3684 471 3767 appeliatum,
493 3692 528 3745 ut
548 3703 590 3745 ex
614 3686 693 3744 Aen.
705 3687 728 3755 1,
742 3685 813 3746 711.
837 3685 923 3747 effici
937 3687 1061 3766 poterit,
1083 3689 1166 3749 unde
1176 3688 1290 3754 Cicero

53 3797 129 3859 Cat
151 3795 191 3866 11,
217 3795 266 3856 10.
290 3795 460 3875 exprobrat
481 3795 562 3854 velis
591 3795 748 3874 amictos,
778 3815 850 3872 ‚non
881 3797 973 3875 togis.
1025 3795 1140 3858 Velum
1173 3799 1291 3862 Ilionae

50 3923 180 3967 sacrum
203 3902 325 3965 Romae
345 3903 534 3964 servabatur
567 3902 680 3980 (Serv.
701 3911 785 3964 unct.
808 3903 888 3964 Aen.
910 3903 988 3985 Vll,
1014 3903 1105 3971 lau).
1140 3905 1290 3968 Ceterum

51 4011 93 4072 ad
118 4028 264 4073 croceum
284 4012 452 4073 acanthum
474 4011 676 4092 comparandi
699 4021 789 4073 erunt
810 4031 829 4073 e
851 4013 956 4074 Plauti
978 4009 1081 4107 Aulul.
1105 4013 1162 4094 Ill,
1184 4014 1214 4091 5,
1235 4016 1292 4076 47:
1406 4033 1411 4048 ¹

53 4118 251 4181 „infectores
272 4118 497 4182 crocotulariinc
522 4117 574 4183 Cf.
596 4120 676 4180 Aen.
699 4120 759 4201 IX,
781 4118 860 4179 614:
880 4124 967 4199 pieta
989 4140 1079 4181 creec
1101 4128 1207 4183 neella.
1229 4126 1290 4207 Xl,

52 4227 131 4294 775:
155 4245 299 4290 neceam
318 4228 525 4305 chlamyden.

140 4343 305 4422 Cunnum
327 4375 390 4420 nnn
411 4359 514 4421 solum
541 4357 764 4421 vestimentum
795 4368 864 4421 erat
897 4361 1047 4444 militare,
1084 4363 1141 4424 sed
1174 4368 1291 4445 puerile

56 4470 152 4534 etiam
174 4460 205 4530 et
227 4466 386 4528 muliebre.
413 4466 569 4548 Ulpianus
591 4469 634 4530 ait
656 4469 781 4550 Digest.
816 4469 976 4548 XXXIV,
997 4470 1027 4548 2,
1051 4471 1106 4534 23:
1136 4473 1290 4535 „Puerilia

55 4588 143 4658 sunt,
164 4596 245 4659 quae
266 4573 306 4637 ad
328 4577 446 4643 nullum
467 4577 674 4638 alium'usum
702 4577 875 4657 pertinent,
906 4579 968 4638 nisi
991 4580 1157 4659 puerilem,
1192 4580 1289 4643 veluti

56 4702 155 4770 togae
178 4691 375 4765 praetextae,
397 4684 543 4768 alicuine,
568 4685 816 4766 chlamydes,
848 4685 954 4766 pallia,
978 4704 1061 4767 quae
1082 4687 1154 4748 filiis
1174 4691 1291 4754 nostris

56 4814 308 4878 comparamusn
330 4795 434 4857 Varro
458 4795 559 4876 (apud
580 4798 718 4860 Nonium
740 4817 767 4862 a.
790 4817 822 4860 v.
846 4798 1111 4872 liacombemata)
1135 4797 1218 4862 Cato
1240 4800 1291 4862 vel
1332 4817 1336 4833 ¹

1009 4911 1092 5016 lut
