3000 5184
445 235 503 301 lla
523 209 799 300 divinatione.
890 216 894 220 ⁵
1215 233 1276 296 199
1338 269 1340 276 -

32 415 106 478 teris
145 417 281 480 Mum
301 415 377 482 dudi
399 417 487 480 reim
505 436 620 500 magno
641 419 727 482 biatu
747 420 869 494 visum,
897 433 1022 500 quaque
1041 418 1190 502 patuerit,
1219 417 1271 480 in·

31 539 104 604 gens
125 524 243 608 lumen
262 525 453 588 effulsisse«
495 524 547 588 Ad
578 524 754 607 Vergilium
780 506 917 589 maxime
936 523 1064 588 accedit
1086 522 1152 588 cto.
1174 523 1280 592 divin,

32 632 59 706 l,
85 631 154 717 43,
184 634 250 699 97:
292 637 398 698 „Num
425 644 458 698 at
488 627 584 718 quum
605 635 670 698 duo
692 639 757 698 visi
778 635 865 700 soles
887 641 1010 712 essent,
1032 644 1066 696 et
1086 649 1181 714 quum
1204 640 1272 696 tres

32 739 135 820 lunae,
159 749 198 804 ct
223 762 318 825 quum
340 744 444 823 iaces,
465 751 499 806 et
520 741 684 823 quumsol
705 749 799 804 noeto
820 743 910 804 visus
931 748 1041 821 asset,
1074 749 1106 803 et
1137 757 1231 820 quum
1254 760 1273 802 c

31 850 110 911 eaelo
134 851 291 914 fremitus
303 850 443 931 auditus,
465 858 498 912 et
518 869 611 931 quum
632 850 793 912 caelum
814 846 1073 912 discessisse
1095 849 1202 912 visum
1223 859 1273 911 est

31 961 175 1042 etque-in
201 979 243 1020 eo
263 958 477 1022 animadversi
499 957 640 1040 globi«
684 957 738 1039 qni
768 956 856 1039 globi
884 955 979 1032 iidem
1010 973 1086 1018 esse
1114 955 1271 1029 videntur,

31 1080 106 1141 quae
125 1083 148 1126 a
171 1066 313 1127 Marone
333 1067 478 1145 palantes
502 1064 614 1128 stellae
641 1064 825 1128 nominetur.
868 1062 919 1124 Ab
939 1061 1065 1142 ignibus
1086 1065 1276 1129 caelestibus

32 1171 228 1254 prodigiosis
249 1174 350 1237 facilia
370 1175 524 1238 transitus
544 1179 605 1236 crit
625 1173 666 1237 ad
688 1192 764 1254 oos,
803 1173 857 1253 qui
884 1173 915 1234 in
951 1172 1110 1234 hominum
1133 1173 1273 1250 ipsorum
1350 1252 1352 1256 ,

32 1281 221 1359 corporibus
242 1281 342 1346 videri
363 1282 522 1346 interdum
543 1283 736 1347 dicebantur.
780 1283 935 1346 Faustum
959 1291 1011 1344 cst
1039 1278 1111 1341 illud
1134 1282 1276 1343 mirabile

34 1395 227 1470 monstrum,
249 1387 332 1470 quod
354 1389 395 1452 de
416 1391 483 1451 Iulo
504 1390 548 1469 ll,
568 1389 642 1452 681.
661 1399 821 1452 narretur:

111 1500 270 1578 Namque
288 1510 405 1561 munuc
425 1504 509 1562 uter
527 1508 780 1579 mutorumque
799 1520 857 1561 orn
875 1505 1045 1573 parentum

113 1604 214 1664 ld'ccc
234 1605 311 1667 teon
330 1626 451 1667 summo
471 1609 645 1668 devortier
685 1610 774 1666 ricus
802 1605 870 1666 Iuli

112 1710 272 1776 Fundere
294 1714 401 1777 lunen
420 1733 518 1793 apen,
540 1720 690 1794 tactuque
709 1717 843 1774 innoxia
862 1712 951 1772 molli

112 1823 277 1885 Lambere
294 1827 425 1902 flamma
443 1842 551 1882 camur
571 1828 604 1881 ct
623 1825 742 1882 menon
762 1827 902 1897 temporo
920 1822 1021 1897 pasci.

38 1922 117 1986 Vide
137 1915 308 2008 ¹picturam
329 1926 521 1991 Vaticanum
543 1927 575 1988 iu
597 1925 707 1988 Milliu.
730 1925 859 2005 mythol.
881 1922 964 1989 Gall
989 1924 1066 1990 ll'ab.
1088 1922 1274 1988 CbXXVl.

38 2028 90 2092 bis.
112 2053 162 2096 ur.
182 2033 255 2097 645.
298 2032 393 2112 Quod
413 2032 453 2098 de
475 2034 592 2097 Servio
614 2034 704 2095 'l'ullo
726 2034 797 2096 [aiv.
818 2034 852 2116 1,
872 2031 931 2095 39:
971 2034 1044 2114 „llo
1073 2043 1215 2116 tempore
1246 2025 1310 2110 inf

39 2140 123 2220 regia
146 2141 327 2226 prodigium
350 2145 423 2204 visu
444 2150 627 2224 eventuque
649 2141 787 2203 mirabile
802 2141 871 2205 fuit.
913 2143 1016 2204 Puero
1034 2141 1208 2218 dormienti,
1228 2133 1284 2205 cul

40 2246 153 2313 Servio
184 2251 287 2313 'l'ullio
307 2270 421 2313 nomen
453 2250 530 2332 fuit,
569 2258 666 2332 caput
686 2250 808 2312 arsisse
830 2249 935 2313 ferunt
957 2251 1123 2312 multorum
1145 2249 1176 2310 in
1197 2263 1280 2307 con-

41 2357 192 2438 spectu.“
234 2361 302 2424 Sed
324 2364 507 2441 conspirant
526 2360 693 2442 sequentia
713 2378 854 2442 quoque:
912 2397 915 2402 ι

119 2471 195 2530 Nos
212 2473 320 2548 paridi
339 2473 497 2549 treprdare
515 2476 601 2532 metu
622 2475 803 2550 crinemque
821 2473 1012 2547 stuprantem

121 2578 292 2638 Excutere
312 2585 344 2638 et
364 2585 493 2640 cunctor
514 2583 711 2656 reatinpucre
728 2579 872 2659 fontibus
892 2581 988 2652 tynio.

28 2695 113 2742 rcum
135 2683 254 2745 Livio:
287 2684 447 2760 „Plurimo
468 2683 564 2768 igitur
584 2683 723 2746 clamore
743 2682 817 2744 inde
839 2681 879 2746 ad
900 2690 1008 2744 tantae
1028 2679 1073 2741 rei
1096 2676 1288 2744 miraculum,

46 2800 109 2855 orto
132 2797 262 2858 excitos
283 2812 398 2878 reges,
425 2802 459 2856 et
479 2813 573 2876 quum
595 2795 723 2876 quidam
745 2793 942 2864 familiarium
965 2808 1081 2870 aquam
1102 2784 1142 2848 ed
1164 2784 1282 2846 reatin-

47 2902 205 2979 guendum
226 2902 342 2985 ferret,
376 2904 418 2966 ab
445 2906 556 2988 regina
577 2911 744 2982 retentum,
765 2902 941 2983 sedatoque
965 2917 1034 2962 eam
1057 2894 1189 2958 tumultu
1210 2910 1282 2952 mo-

47 3015 112 3072 veri
133 3010 280 3074 vetuisse
310 3031 455 3094 puerum,
483 3009 585 3075 donec
614 3029 675 3073 sua
694 3021 810 3091 sponte
833 3017 1041 3090 experrectus
1063 3014 1162 3080 esset
1186 3003 1285 3092 'Mox

49 3132 118 3182 cnm
145 3139 259 3183 somno
287 3127 320 3181 et
348 3121 503 3182 flammam
527 3117 678 3183 abiisse.“
719 3121 894 3183 Flammam
921 3116 1078 3179 innoxiam
1105 3113 1286 3175 invenimus

50 3229 143 3289 ctiam
165 3227 464 3308 hiv.xu111,13:
502 3229 678 3310 „Fregellis
699 3230 731 3291 in
751 3229 846 3292 domo
869 3229 907 3293 11.
930 3229 1022 3288 Atrei
1048 3223 1159 3300 hasta,
1190 3237 1286 3301 quam

50 3327 109 3393 lilio
132 3336 223 3396 militi
245 3345 376 3419 emerat,
397 3335 532 3398 interdiu
553 3337 624 3418 plus
646 3337 728 3400 duas
750 3337 845 3400 horas
867 3335 998 3415 arsisse,
1020 3338 1065 3395 ita
1081 3340 1115 3395 ut
1130 3330 1205 3392 nihil
1221 3329 1287 3390 eius

51 3439 228 3504 ambureret
254 3443 352 3523 ignis,
389 3441 583 3506 dicebatur.“
624 3445 798 3507 Praeterea
832 3442 982 3507 inviolata
1016 3449 1122 3502 manet
1154 3436 1290 3499 Lavinia

52 3548 141 3631 virgo
164 3550 249 3631 vll,
280 3550 343 3632 71,
370 3570 462 3633 quam
484 3551 608 3632 quidem
628 3555 730 3632 ipsam
753 3553 914 3612 inlustrem
937 3549 1006 3610 iore
1026 3550 1047 3608 i.
1071 3565 1098 3606 e.
1122 3546 1290 3626 comugem

54 3655 199 3734 Aeneae,
220 3659 381 3740 reginam,
402 3657 461 3720 sed
482 3659 554 3721 belli
574 3677 699 3740 quoque
721 3675 850 3720 causam
873 3664 968 3717 vutcs
988 3653 1039 3716 80.
1064 3657 1188 3716 canunt.

123 3769 184 3831 *Ut
202 3771 296 3828 iuutu
314 3769 488 3844 punitorem
508 3768 616 3827 uolatu
635 3766 772 3828 Moenia
792 3771 879 3844 sirpo

138 3877 229 3955 Visa,
251 3877 356 3955 nefus,
380 3866 483 3952 loupir
506 3877 719 3954 conprendere
740 3877 881 3936 crinibus
902 3879 1014 3953 ipnern.

135 3982 251 4062 Adpue
270 3999 391 4042 ornnem
412 3988 558 4041 ornatum
574 3984 705 4058 flumme
726 3985 899 4059 crepitante
921 3981 1065 4059 crcrnarr',

135 4089 488 4168 &undaque-accenso
508 4105 623 4156 comus,
647 4105 785 4148 occonru
809 4106 968 4170 cornuum,

138 4202 304 4277 Iusionem
322 4200 468 4279 prumia,
491 4202 556 4258 tum
574 4197 700 4276 suntidu
722 4196 839 4260 lumine
856 4195 946 4274 fulco

138 4307 272 4387 Inooloi,
295 4326 334 4366 uc
356 4308 429 4367 totr's
455 4304 629 4366 Volcanum
649 4322 803 4380 apurpere
823 4308 923 4367 tertia.

63 4435 194 4500 Omnino
221 4449 300 4492 vero
324 4431 408 4492 telos
429 4433 554 4496 ,circum
575 4435 672 4510 caput
693 4427 838 4490 dammae
858 4427 899 4492 ad
922 4420 1045 4513 regium
1066 4428 1118 4490 vel
1140 4448 1299 4493 summam

64 4543 175 4605 saltem
202 4540 234 4600 in
260 4538 420 4620 republica
448 4537 635 4622 dignitatem
655 4534 711 4600 vel
738 4535 896 4597 fortunam
925 4544 1012 4597 certe
1040 4539 1301 4622 praesagiendum

67 4651 115 4713 rel
133 4646 335 4732 fingebantur
355 4645 409 4708 vel
429 4646 672 4728 accipiebantur.
710 4645 823 4710 Valor.
844 4644 975 4708 Maxim.
997 4646 1023 4722 l,
1049 4646 1081 4725 6,
1102 4646 1139 4708 2:
1165 4649 1302 4732 „Aeque

66 4760 162 4825 felicis
185 4766 323 4823 aventus
342 4757 397 4822 itu
416 4757 552 4835 dmma,
573 4776 655 4841 quse
672 4777 728 4820 ex.
750 4757 787 4820 [ι.
810 4755 924 4845 Marii,
947 4754 1036 4820 ducis
1057 4756 1186 4821 duorum
1207 4775 1304 4856 exer-
