<?xml version="1.0" encoding="UTF-8"?>
<!DOCTYPE html PUBLIC "-//W3C//DTD XHTML 1.0 Transitional//EN"
    "http://www.w3.org/TR/xhtml1/DTD/xhtml1-transitional.dtd">
<html xmlns="http://www.w3.org/1999/xhtml" xml:lang="en" lang="en">
 <head>
  <title>
</title>
<meta http-equiv="Content-Type" content="text/html;charset=utf-8" />
  <meta name='ocr-system' content='tesseract 3.04.00' />
  <meta name='ocr-capabilities' content='ocr_page ocr_carea ocr_par ocr_line ocrx_word'/>
</head>
<body>
  <div class='ocr_page' id='page_1' title='image "./antiquitatesver01lersgoog_0035.png"; bbox 0 0 3000 5184; ppageno 0'>
   <div class='ocr_carea' id='block_1_1' title="bbox 566 225 793 287">
    <p class='ocr_par' dir='ltr' id='par_1_1' title="bbox 566 225 793 287">
     <span class='ocr_line' id='line_1_1' title="bbox 566 225 793 287; baseline 0 -3"><span class='ocrx_word' id='word_1_1' title='bbox 566 225 621 285; x_wconf 89' lang='lat' dir='ltr'>De</span> <span class='ocrx_word' id='word_1_2' title='bbox 641 236 793 287; x_wconf 69' lang='lat' dir='ltr'>serrn&#39;tu.</span> 
     </span>
    </p>
   </div>
   <div class='ocr_carea' id='block_1_2' title="bbox 42 405 1293 1360">
    <p class='ocr_par' dir='ltr' id='par_1_2' title="bbox 134 405 849 486">
     <span class='ocr_line' id='line_1_2' title="bbox 134 405 849 486; baseline -0.001 -17"><span class='ocrx_word' id='word_1_3' title='bbox 134 409 289 470; x_wconf 76' lang='lat' dir='ltr'><em>Continuo</em></span> <span class='ocrx_word' id='word_1_4' title='bbox 309 413 411 470; x_wconf 76' lang='lat' dir='ltr'>roratio</span> <span class='ocrx_word' id='word_1_5' title='bbox 432 410 536 469; x_wconf 74' lang='lat' dir='ltr'>nitria</span> <span class='ocrx_word' id='word_1_6' title='bbox 556 413 701 469; x_wconf 85' lang='lat' dir='ltr'>accincto</span> <span class='ocrx_word' id='word_1_7' title='bbox 717 405 849 486; x_wconf 65' lang='lat' dir='ltr'>fiagello</span> 
     </span>
    </p>

    <p class='ocr_par' dir='ltr' id='par_1_3' title="bbox 138 516 962 597">
     <span class='ocr_line' id='line_1_3' title="bbox 138 516 962 597; baseline 0 -20"><span class='ocrx_word' id='word_1_8' title='bbox 138 518 305 597; x_wconf 71' lang='lat' dir='ltr'><strong><em>Tisiphone</em></strong></span> <span class='ocrx_word' id='word_1_9' title='bbox 326 522 435 596; x_wconf 81' lang='lat' dir='ltr'>quatit</span> <span class='ocrx_word' id='word_1_10' title='bbox 448 516 622 596; x_wconf 74' lang='lat' dir='ltr'>insultans,</span> <span class='ocrx_word' id='word_1_11' title='bbox 643 523 810 597; x_wconf 72' lang='lat' dir='ltr'>tomosque</span> <span class='ocrx_word' id='word_1_12' title='bbox 828 521 962 579; x_wconf 80' lang='lat' dir='ltr'>sioiatro</span> 
     </span>
    </p>

    <p class='ocr_par' dir='ltr' id='par_1_4' title="bbox 42 613 1293 1360">
     <span class='ocr_line' id='line_1_4' title="bbox 132 613 990 703; baseline 0.001 -16"><span class='ocrx_word' id='word_1_13' title='bbox 132 613 313 687; x_wconf 70' lang='lat' dir='ltr'>[ntentans</span> <span class='ocrx_word' id='word_1_14' title='bbox 324 629 441 702; x_wconf 74' lang='lat' dir='ltr'>oopuo&#39;o</span> <span class='ocrx_word' id='word_1_15' title='bbox 461 632 554 688; x_wconf 87' lang='lat' dir='ltr'>oocot</span> <span class='ocrx_word' id='word_1_16' title='bbox 573 630 702 703; x_wconf 64' lang='lat' dir='ltr'>cymino</span> <span class='ocrx_word' id='word_1_17' title='bbox 722 646 818 688; x_wconf 84' lang='lat' dir='ltr'>soeoo</span> <span class='ocrx_word' id='word_1_18' title='bbox 837 647 990 689; x_wconf 81' lang='lat' dir='ltr'>sororum.</span> 
     </span>
     <span class='ocr_line' id='line_1_5' title="bbox 42 735 1291 819; baseline 0.004 -21"><span class='ocrx_word' id='word_1_19' title='bbox 42 736 204 798; x_wconf 83' lang='lat' dir='ltr'>Ceterum</span> <span class='ocrx_word' id='word_1_20' title='bbox 227 735 409 818; x_wconf 82' lang='lat' dir='ltr'>notandum,</span> <span class='ocrx_word' id='word_1_21' title='bbox 432 736 678 819; x_wconf 77' lang='lat' dir='ltr'>flagellationem</span> <span class='ocrx_word' id='word_1_22' title='bbox 689 755 784 817; x_wconf 91' lang='lat' dir='ltr'>quum</span> <span class='ocrx_word' id='word_1_23' title='bbox 806 754 926 797; x_wconf 89' lang='lat' dir='ltr'>morem</span> <span class='ocrx_word' id='word_1_24' title='bbox 947 737 1126 801; x_wconf 86' lang='lat' dir='ltr'>Romanum</span> <span class='ocrx_word' id='word_1_25' title='bbox 1140 739 1291 818; x_wconf 80' lang='lat' dir='ltr'>redolere,</span> 
     </span>
     <span class='ocr_line' id='line_1_6' title="bbox 42 842 1292 928; baseline 0.006 -23"><span class='ocrx_word' id='word_1_26' title='bbox 42 854 117 905; x_wconf 91' lang='lat' dir='ltr'>tum</span> <span class='ocrx_word' id='word_1_27' title='bbox 140 845 292 906; x_wconf 84' lang='lat' dir='ltr'>servilem</span> <span class='ocrx_word' id='word_1_28' title='bbox 315 845 415 906; x_wconf 78' lang='lat' dir='ltr'>luisse</span> <span class='ocrx_word' id='word_1_29' title='bbox 436 863 582 924; x_wconf 87' lang='lat' dir='ltr'>poenam.</span> <span class='ocrx_word' id='word_1_30' title='bbox 625 842 676 905; x_wconf 83' lang='lat' dir='ltr'>Oi.</span> <span class='ocrx_word' id='word_1_31' title='bbox 697 843 783 904; x_wconf 81' lang='lat' dir='ltr'>blac.</span> <span class='ocrx_word' id='word_1_32' title='bbox 806 843 1292 928; x_wconf 80' lang='lat' dir='ltr'>utg.xv111,1a·(uepoenis).</span> 
     </span>
     <span class='ocr_line' id='line_1_7' title="bbox 42 951 1292 1035; baseline 0.004 -22"><span class='ocrx_word' id='word_1_33' title='bbox 42 957 73 1024; x_wconf 89' lang='lat'>§.</span> <span class='ocrx_word' id='word_1_34' title='bbox 104 953 158 1014; x_wconf 86' lang='lat'>10:</span> <span class='ocrx_word' id='word_1_35' title='bbox 182 955 239 1028; x_wconf 86' lang='lat' dir='ltr'>„ln</span> <span class='ocrx_word' id='word_1_36' title='bbox 262 970 430 1014; x_wconf 86' lang='lat' dir='ltr'>servorum</span> <span class='ocrx_word' id='word_1_37' title='bbox 450 969 587 1032; x_wconf 87' lang='lat' dir='ltr'>persona</span> <span class='ocrx_word' id='word_1_38' title='bbox 607 951 652 1013; x_wconf 88' lang='lat' dir='ltr'>ita</span> <span class='ocrx_word' id='word_1_39' title='bbox 666 951 865 1032; x_wconf 86' lang='lat' dir='ltr'>observatur,</span> <span class='ocrx_word' id='word_1_40' title='bbox 889 960 923 1013; x_wconf 88' lang='lat' dir='ltr'>ut</span> <span class='ocrx_word' id='word_1_41' title='bbox 933 958 1080 1035; x_wconf 87' lang='lat' dir='ltr'>exemplo</span> <span class='ocrx_word' id='word_1_42' title='bbox 1096 957 1292 1019; x_wconf 88' lang='lat' dir='ltr'>humiliorum</span> 
     </span>
     <span class='ocr_line' id='line_1_8' title="bbox 42 1059 1293 1144; baseline 0.006 -24"><span class='ocrx_word' id='word_1_43' title='bbox 42 1062 225 1140; x_wconf 84' lang='lat' dir='ltr'>puniantur.</span> <span class='ocrx_word' id='word_1_44' title='bbox 247 1063 291 1124; x_wconf 78' lang='lat' dir='ltr'>lllt</span> <span class='ocrx_word' id='word_1_45' title='bbox 312 1079 354 1122; x_wconf 87' lang='lat' dir='ltr'>ex</span> <span class='ocrx_word' id='word_1_46' title='bbox 374 1060 488 1144; x_wconf 81' lang='lat' dir='ltr'>quibm</span> <span class='ocrx_word' id='word_1_47' title='bbox 505 1064 611 1122; x_wconf 76' lang='lat' dir='ltr'>carreis</span> <span class='ocrx_word' id='word_1_48' title='bbox 628 1060 705 1122; x_wconf 93' lang='lat' dir='ltr'>liber</span> <span class='ocrx_word' id='word_1_49' title='bbox 727 1059 864 1122; x_wconf 85' lang='lat' dir='ltr'>fustibus</span> <span class='ocrx_word' id='word_1_50' title='bbox 879 1061 1032 1144; x_wconf 77' lang='lat' dir='ltr'><strong>caeditur,</strong></span> <span class='ocrx_word' id='word_1_51' title='bbox 1055 1084 1097 1125; x_wconf 87' lang='lat' dir='ltr'>ex</span> <span class='ocrx_word' id='word_1_52' title='bbox 1113 1065 1163 1126; x_wconf 90' lang='lat' dir='ltr'>lris</span> <span class='ocrx_word' id='word_1_53' title='bbox 1175 1084 1293 1128; x_wconf 85' lang='lat' dir='ltr'>servus</span> 
     </span>
     <span class='ocr_line' id='line_1_9' title="bbox 43 1169 1293 1252; baseline 0.006 -22"><span class='ocrx_word' id='word_1_54' title='bbox 43 1170 188 1252; x_wconf 80' lang='lat' dir='ltr'>flagellis</span> <span class='ocrx_word' id='word_1_55' title='bbox 210 1171 303 1233; x_wconf 88' lang='lat' dir='ltr'>caedi</span> <span class='ocrx_word' id='word_1_56' title='bbox 325 1180 357 1232; x_wconf 89' lang='lat' dir='ltr'>ct</span> <span class='ocrx_word' id='word_1_57' title='bbox 377 1171 503 1234; x_wconf 89' lang='lat' dir='ltr'>domino</span> <span class='ocrx_word' id='word_1_58' title='bbox 525 1169 614 1232; x_wconf 89' lang='lat' dir='ltr'>reddi</span> <span class='ocrx_word' id='word_1_59' title='bbox 634 1169 768 1244; x_wconf 86' lang='lat' dir='ltr'>iubetur,</span> <span class='ocrx_word' id='word_1_60' title='bbox 793 1176 827 1230; x_wconf 87' lang='lat' dir='ltr'>et</span> <span class='ocrx_word' id='word_1_61' title='bbox 849 1189 891 1231; x_wconf 85' lang='lat' dir='ltr'>ex</span> <span class='ocrx_word' id='word_1_62' title='bbox 911 1170 1025 1252; x_wconf 87' lang='lat' dir='ltr'>quibus</span> <span class='ocrx_word' id='word_1_63' title='bbox 1043 1172 1133 1233; x_wconf 87' lang='lat' dir='ltr'>liber</span> <span class='ocrx_word' id='word_1_64' title='bbox 1155 1176 1293 1237; x_wconf 84' lang='lat' dir='ltr'>fustibus</span> 
     </span>
     <span class='ocr_line' id='line_1_10' title="bbox 44 1277 1293 1360; baseline 0.002 -20"><span class='ocrx_word' id='word_1_65' title='bbox 44 1297 167 1341; x_wconf 89' lang='lat' dir='ltr'>caesus</span> <span class='ocrx_word' id='word_1_66' title='bbox 191 1284 224 1341; x_wconf 91' lang='lat' dir='ltr'>in</span> <span class='ocrx_word' id='word_1_67' title='bbox 246 1298 325 1360; x_wconf 77' lang='lat' dir='ltr'>opus</span> <span class='ocrx_word' id='word_1_68' title='bbox 347 1278 506 1359; x_wconf 90' lang='lat' dir='ltr'>publicum</span> <span class='ocrx_word' id='word_1_69' title='bbox 528 1278 706 1360; x_wconf 89' lang='lat' dir='ltr'>damnatur,</span> <span class='ocrx_word' id='word_1_70' title='bbox 729 1299 772 1340; x_wconf 85' lang='lat' dir='ltr'>ex</span> <span class='ocrx_word' id='word_1_71' title='bbox 792 1277 842 1339; x_wconf 86' lang='lat' dir='ltr'>bis</span> <span class='ocrx_word' id='word_1_72' title='bbox 860 1280 975 1340; x_wconf 76' lang='lat' dir='ltr'>servus</span> <span class='ocrx_word' id='word_1_73' title='bbox 997 1279 1057 1340; x_wconf 75' lang='lat' dir='ltr'>sub</span> <span class='ocrx_word' id='word_1_74' title='bbox 1088 1279 1191 1360; x_wconf 86' lang='lat' dir='ltr'>poena</span> <span class='ocrx_word' id='word_1_75' title='bbox 1218 1284 1293 1343; x_wconf 91' lang='lat' dir='ltr'>vin-</span> 
     </span>
    </p>
   </div>
   <div class='ocr_carea' id='block_1_3' title="bbox 46 1386 1294 1556">
    <p class='ocr_par' dir='ltr' id='par_1_5' title="bbox 46 1386 1294 1556">
     <span class='ocr_line' id='line_1_11' title="bbox 46 1386 1294 1468; baseline 0 -19"><span class='ocrx_word' id='word_1_76' title='bbox 46 1388 193 1450; x_wconf 86' lang='lat' dir='ltr'>culorum</span> <span class='ocrx_word' id='word_1_77' title='bbox 216 1387 256 1450; x_wconf 87' lang='lat' dir='ltr'>ad</span> <span class='ocrx_word' id='word_1_78' title='bbox 281 1389 351 1454; x_wconf 85' lang='lat' dir='ltr'>cius</span> <span class='ocrx_word' id='word_1_79' title='bbox 374 1387 524 1468; x_wconf 89' lang='lat' dir='ltr'>temporis</span> <span class='ocrx_word' id='word_1_80' title='bbox 546 1387 696 1468; x_wconf 88' lang='lat' dir='ltr'>spatium,</span> <span class='ocrx_word' id='word_1_81' title='bbox 719 1386 858 1468; x_wconf 84' lang='lat' dir='ltr'>flagellis</span> <span class='ocrx_word' id='word_1_82' title='bbox 879 1405 1012 1466; x_wconf 81' lang='lat' dir='ltr'>caesus,</span> <span class='ocrx_word' id='word_1_83' title='bbox 1043 1386 1168 1449; x_wconf 88' lang='lat' dir='ltr'>domino</span> <span class='ocrx_word' id='word_1_84' title='bbox 1207 1389 1294 1451; x_wconf 82' lang='lat' dir='ltr'>reddi</span> 
     </span>
     <span class='ocr_line' id='line_1_12' title="bbox 48 1494 208 1556; baseline 0.006 -3"><span class='ocrx_word' id='word_1_85' title='bbox 48 1494 208 1556; x_wconf 90' lang='lat' dir='ltr'>iubetur.“</span> 
     </span>
    </p>
   </div>
   <div class='ocr_carea' id='block_1_4' title="bbox 619 1631 723 1786">
    <p class='ocr_par' dir='ltr' id='par_1_6' title="bbox 619 1631 723 1786">
     <span class='ocr_line' id='line_1_13' title="bbox 619 1631 723 1786; baseline 0.029 -24"><span class='ocrx_word' id='word_1_86' title='bbox 619 1631 652 1786; x_wconf 72' lang='lat' dir='ltr'>§j</span> <span class='ocrx_word' id='word_1_87' title='bbox 678 1704 723 1765; x_wconf 78' lang='lat' dir='ltr'>n.</span> 
     </span>
    </p>
   </div>
   <div class='ocr_carea' id='block_1_5' title="bbox 552 1859 789 1912">
    <p class='ocr_par' dir='ltr' id='par_1_7' title="bbox 552 1859 789 1912">
     <span class='ocr_line' id='line_1_14' title="bbox 552 1859 789 1912; baseline -0.013 -1"><span class='ocrx_word' id='word_1_88' title='bbox 552 1859 610 1911; x_wconf 75' lang='lat' dir='ltr'>lie</span> <span class='ocrx_word' id='word_1_89' title='bbox 628 1861 789 1912; x_wconf 78' lang='lat' dir='ltr'>senatu.</span> 
     </span>
    </p>
   </div>
   <div class='ocr_carea' id='block_1_6' title="bbox 50 2025 1297 3307">
    <p class='ocr_par' dir='ltr' id='par_1_8' title="bbox 50 2025 1297 3307">
     <span class='ocr_line' id='line_1_15' title="bbox 138 2025 1290 2112; baseline 0.001 -23"><span class='ocrx_word' id='word_1_90' title='bbox 138 2031 222 2090; x_wconf 87' lang='lat' dir='ltr'>lntcr</span> <span class='ocrx_word' id='word_1_91' title='bbox 244 2046 371 2106; x_wconf 87' lang='lat' dir='ltr'>omnes,</span> <span class='ocrx_word' id='word_1_92' title='bbox 402 2029 516 2108; x_wconf 88' lang='lat' dir='ltr'>quibus</span> <span class='ocrx_word' id='word_1_93' title='bbox 544 2026 758 2090; x_wconf 82' lang='lat' dir='ltr'>Romanorum</span> <span class='ocrx_word' id='word_1_94' title='bbox 786 2045 841 2088; x_wconf 88' lang='lat' dir='ltr'>res</span> <span class='ocrx_word' id='word_1_95' title='bbox 871 2025 996 2106; x_wconf 87' lang='lat' dir='ltr'>publica</span> <span class='ocrx_word' id='word_1_96' title='bbox 1027 2027 1179 2112; x_wconf 86' lang='lat' dir='ltr'>insignita</span> <span class='ocrx_word' id='word_1_97' title='bbox 1212 2039 1290 2103; x_wconf 84' lang='lat' dir='ltr'>crat,</span> 
     </span>
     <span class='ocr_line' id='line_1_16' title="bbox 51 2135 1294 2217; baseline 0.001 -20"><span class='ocrx_word' id='word_1_98' title='bbox 51 2139 264 2217; x_wconf 76' lang='lat' dir='ltr'><strong>magistratus</strong></span> <span class='ocrx_word' id='word_1_99' title='bbox 285 2136 495 2217; x_wconf 79' lang='lat' dir='ltr'>principatum</span> <span class='ocrx_word' id='word_1_100' title='bbox 517 2154 643 2214; x_wconf 90' lang='lat' dir='ltr'>semper</span> <span class='ocrx_word' id='word_1_101' title='bbox 665 2135 796 2196; x_wconf 84' lang='lat' dir='ltr'><strong>obtinuit</strong></span> <span class='ocrx_word' id='word_1_102' title='bbox 823 2145 965 2200; x_wconf 84' lang='lat' dir='ltr'>senatus.</span> <span class='ocrx_word' id='word_1_103' title='bbox 1018 2136 1120 2198; x_wconf 82' lang='lat' dir='ltr'>Cuius</span> <span class='ocrx_word' id='word_1_104' title='bbox 1144 2136 1294 2198; x_wconf 86' lang='lat' dir='ltr'>consulta</span> 
     </span>
     <span class='ocr_line' id='line_1_17' title="bbox 50 2242 1293 2328; baseline 0.002 -24"><span class='ocrx_word' id='word_1_105' title='bbox 50 2264 110 2323; x_wconf 88' lang='lat' dir='ltr'>per</span> <span class='ocrx_word' id='word_1_106' title='bbox 131 2264 225 2306; x_wconf 89' lang='lat' dir='ltr'>omne</span> <span class='ocrx_word' id='word_1_107' title='bbox 246 2244 365 2306; x_wconf 79' lang='lat' dir='ltr'>liberae</span> <span class='ocrx_word' id='word_1_108' title='bbox 383 2242 522 2306; x_wconf 86' lang='lat' dir='ltr'>civitatis</span> <span class='ocrx_word' id='word_1_109' title='bbox 536 2251 662 2323; x_wconf 87' lang='lat' dir='ltr'>tempus</span> <span class='ocrx_word' id='word_1_110' title='bbox 683 2251 803 2305; x_wconf 86' lang='lat' dir='ltr'>tantam</span> <span class='ocrx_word' id='word_1_111' title='bbox 816 2245 939 2324; x_wconf 88' lang='lat' dir='ltr'>spirant</span> <span class='ocrx_word' id='word_1_112' title='bbox 958 2243 1156 2328; x_wconf 83' lang='lat' dir='ltr'>dignitatem,</span> <span class='ocrx_word' id='word_1_113' title='bbox 1180 2255 1214 2308; x_wconf 89' lang='lat' dir='ltr'>ut</span> <span class='ocrx_word' id='word_1_114' title='bbox 1230 2249 1293 2328; x_wconf 84' lang='lat' dir='ltr'>qui,</span> 
     </span>
     <span class='ocr_line' id='line_1_18' title="bbox 51 2350 1293 2434; baseline 0.001 -20"><span class='ocrx_word' id='word_1_115' title='bbox 51 2352 139 2432; x_wconf 90' lang='lat' dir='ltr'>quod</span> <span class='ocrx_word' id='word_1_116' title='bbox 160 2354 296 2416; x_wconf 89' lang='lat' dir='ltr'>maxime</span> <span class='ocrx_word' id='word_1_117' title='bbox 317 2350 489 2433; x_wconf 88' lang='lat' dir='ltr'>optandum</span> <span class='ocrx_word' id='word_1_118' title='bbox 512 2360 572 2431; x_wconf 85' lang='lat' dir='ltr'>cst,</span> <span class='ocrx_word' id='word_1_119' title='bbox 597 2371 636 2414; x_wconf 91' lang='lat' dir='ltr'>ea</span> <span class='ocrx_word' id='word_1_120' title='bbox 658 2351 729 2414; x_wconf 91' lang='lat' dir='ltr'>olim</span> <span class='ocrx_word' id='word_1_121' title='bbox 752 2353 895 2434; x_wconf 80' lang='lat' dir='ltr'>colliget,</span> <span class='ocrx_word' id='word_1_122' title='bbox 926 2353 1060 2433; x_wconf 91' lang='lat' dir='ltr'>plurima</span> <span class='ocrx_word' id='word_1_123' title='bbox 1082 2353 1215 2415; x_wconf 87' lang='lat' dir='ltr'>decreta</span> <span class='ocrx_word' id='word_1_124' title='bbox 1235 2372 1293 2416; x_wconf 83' lang='lat' dir='ltr'>aa·</span> 
     </span>
     <span class='ocr_line' id='line_1_19' title="bbox 51 2459 1295 2544; baseline 0.002 -25"><span class='ocrx_word' id='word_1_125' title='bbox 51 2459 254 2538; x_wconf 87' lang='lat' dir='ltr'>pientissima</span> <span class='ocrx_word' id='word_1_126' title='bbox 276 2479 331 2522; x_wconf 92' lang='lat' dir='ltr'>ore</span> <span class='ocrx_word' id='word_1_127' title='bbox 352 2465 548 2544; x_wconf 82' lang='lat' dir='ltr'>gravissimo</span> <span class='ocrx_word' id='word_1_128' title='bbox 570 2460 676 2523; x_wconf 87' lang='lat' dir='ltr'>edicta</span> <span class='ocrx_word' id='word_1_129' title='bbox 699 2465 900 2524; x_wconf 88' lang='lat' dir='ltr'>maiestatem</span> <span class='ocrx_word' id='word_1_130' title='bbox 928 2462 1196 2544; x_wconf 78' lang='lat' dir='ltr'>superciliumque</span> <span class='ocrx_word' id='word_1_131' title='bbox 1223 2461 1295 2523; x_wconf 84' lang='lat' dir='ltr'>Ro-</span> 
     </span>
     <span class='ocr_line' id='line_1_20' title="bbox 54 2570 1294 2652; baseline 0.002 -25"><span class='ocrx_word' id='word_1_132' title='bbox 54 2573 141 2630; x_wconf 88' lang='lat' dir='ltr'>mani</span> <span class='ocrx_word' id='word_1_133' title='bbox 161 2587 279 2632; x_wconf 87' lang='lat' dir='ltr'>sensus</span> <span class='ocrx_word' id='word_1_134' title='bbox 300 2571 463 2650; x_wconf 79' lang='lat' dir='ltr'>probantia</span> <span class='ocrx_word' id='word_1_135' title='bbox 484 2581 646 2651; x_wconf 90' lang='lat' dir='ltr'>proponet.</span> <span class='ocrx_word' id='word_1_136' title='bbox 669 2570 751 2649; x_wconf 78' lang='lat' dir='ltr'>Quid</span> <span class='ocrx_word' id='word_1_137' title='bbox 774 2589 852 2652; x_wconf 85' lang='lat' dir='ltr'>ergo</span> <span class='ocrx_word' id='word_1_138' title='bbox 872 2574 997 2651; x_wconf 84' lang='lat' dir='ltr'>mirum,</span> <span class='ocrx_word' id='word_1_139' title='bbox 1020 2570 1102 2651; x_wconf 88' lang='lat' dir='ltr'>quod</span> <span class='ocrx_word' id='word_1_140' title='bbox 1123 2578 1219 2649; x_wconf 89' lang='lat' dir='ltr'>poeta</span> <span class='ocrx_word' id='word_1_141' title='bbox 1232 2590 1294 2630; x_wconf 92' lang='lat' dir='ltr'>non</span> 
     </span>
     <span class='ocr_line' id='line_1_21' title="bbox 53 2672 1294 2758; baseline -0.002 -20"><span class='ocrx_word' id='word_1_142' title='bbox 53 2677 174 2758; x_wconf 90' lang='lat' dir='ltr'>potuit,</span> <span class='ocrx_word' id='word_1_143' title='bbox 212 2679 283 2758; x_wconf 89' lang='lat' dir='ltr'>quin</span> <span class='ocrx_word' id='word_1_144' title='bbox 314 2696 387 2740; x_wconf 90' lang='lat' dir='ltr'>eum</span> <span class='ocrx_word' id='word_1_145' title='bbox 416 2678 611 2757; x_wconf 76' lang='lat' dir='ltr'>temporibus</span> <span class='ocrx_word' id='word_1_146' title='bbox 633 2677 779 2739; x_wconf 73' lang='lat' dir='ltr'>&#39;l&#39;roianis</span> <span class='ocrx_word' id='word_1_147' title='bbox 801 2672 977 2738; x_wconf 61' lang='lat' dir='ltr'>tribueret?</span> <span class='ocrx_word' id='word_1_148' title='bbox 1020 2675 1190 2753; x_wconf 49' lang='lat' dir='ltr'>Quamvis*</span> <span class='ocrx_word' id='word_1_149' title='bbox 1211 2680 1294 2737; x_wconf 89' lang='lat' dir='ltr'>enim</span> 
     </span>
     <span class='ocr_line' id='line_1_22' title="bbox 54 2773 1296 2870; baseline -0.002 -24"><span class='ocrx_word' id='word_1_150' title='bbox 54 2773 216 2870; x_wconf 72' lang='grc' dir='ltr'><em>γερόντων</em></span> <span class='ocrx_word' id='word_1_151' title='bbox 236 2791 299 2848; x_wconf 93' lang='lat' dir='ltr'>iam</span> <span class='ocrx_word' id='word_1_152' title='bbox 321 2785 404 2868; x_wconf 83' lang='lat' dir='ltr'>apud</span> <span class='ocrx_word' id='word_1_153' title='bbox 415 2787 588 2850; x_wconf 87' lang='lat' dir='ltr'>Homerum</span> <span class='ocrx_word' id='word_1_154' title='bbox 610 2805 767 2848; x_wconf 86' lang='lat' dir='ltr'>consessu</span> <span class='ocrx_word' id='word_1_155' title='bbox 789 2782 905 2868; x_wconf 79' lang='lat' dir='ltr'>aliquis</span> <span class='ocrx_word' id='word_1_156' title='bbox 926 2785 1099 2848; x_wconf 86' lang='lat' dir='ltr'>defendere</span> <span class='ocrx_word' id='word_1_157' title='bbox 1107 2785 1184 2846; x_wconf 90' lang='lat' dir='ltr'>velit</span> <span class='ocrx_word' id='word_1_158' title='bbox 1196 2802 1296 2844; x_wconf 90' lang='lat' dir='ltr'>ena·</span> 
     </span>
     <span class='ocr_line' id='line_1_23' title="bbox 55 2894 1297 2977; baseline -0.001 -22"><span class='ocrx_word' id='word_1_159' title='bbox 55 2905 120 2955; x_wconf 91' lang='lat' dir='ltr'>tum</span> <span class='ocrx_word' id='word_1_160' title='bbox 134 2894 367 2975; x_wconf 82' lang='lat' dir='ltr'>Vergilianum,</span> <span class='ocrx_word' id='word_1_161' title='bbox 388 2903 528 2958; x_wconf 87' lang='lat' dir='ltr'>attamen</span> <span class='ocrx_word' id='word_1_162' title='bbox 549 2897 589 2958; x_wconf 88' lang='lat' dir='ltr'>ab</span> <span class='ocrx_word' id='word_1_163' title='bbox 611 2915 650 2958; x_wconf 90' lang='lat' dir='ltr'>co</span> <span class='ocrx_word' id='word_1_164' title='bbox 664 2895 834 2977; x_wconf 83' lang='lat' dir='ltr'>discrepat,</span> <span class='ocrx_word' id='word_1_165' title='bbox 857 2895 997 2976; x_wconf 90' lang='lat' dir='ltr'>quodibi</span> <span class='ocrx_word' id='word_1_166' title='bbox 1018 2914 1133 2956; x_wconf 88' lang='lat' dir='ltr'>revera</span> <span class='ocrx_word' id='word_1_167' title='bbox 1154 2895 1297 2955; x_wconf 85' lang='lat' dir='ltr'>seniores</span> 
     </span>
     <span class='ocr_line' id='line_1_24' title="bbox 54 3002 1297 3088; baseline -0.002 -22"><span class='ocrx_word' id='word_1_168' title='bbox 54 3005 150 3085; x_wconf 91' lang='lat' dir='ltr'>quasi</span> <span class='ocrx_word' id='word_1_169' title='bbox 172 3023 214 3064; x_wconf 89' lang='lat' dir='ltr'>ex</span> <span class='ocrx_word' id='word_1_170' title='bbox 234 3013 365 3084; x_wconf 83' lang='lat' dir='ltr'>paterna</span> <span class='ocrx_word' id='word_1_171' title='bbox 386 3002 440 3064; x_wconf 85' lang='lat' dir='ltr'>vel</span> <span class='ocrx_word' id='word_1_172' title='bbox 462 3005 674 3084; x_wconf 87' lang='lat' dir='ltr'>patriarchali,</span> <span class='ocrx_word' id='word_1_173' title='bbox 696 3025 790 3088; x_wconf 87' lang='lat' dir='ltr'>quam</span> <span class='ocrx_word' id='word_1_174' title='bbox 805 3016 933 3084; x_wconf 84' lang='lat' dir='ltr'>vocant,</span> <span class='ocrx_word' id='word_1_175' title='bbox 951 3002 1193 3069; x_wconf 88' lang='lat' dir='ltr'>auctoritatead</span> <span class='ocrx_word' id='word_1_176' title='bbox 1215 3020 1297 3064; x_wconf 89' lang='lat' dir='ltr'>con·</span> 
     </span>
     <span class='ocr_line' id='line_1_25' title="bbox 55 3110 1296 3196; baseline -0.004 -24"><span class='ocrx_word' id='word_1_177' title='bbox 55 3110 227 3174; x_wconf 87' lang='lat' dir='ltr'>solendum</span> <span class='ocrx_word' id='word_1_178' title='bbox 250 3111 471 3193; x_wconf 87' lang='lat' dir='ltr'>sempersint</span> <span class='ocrx_word' id='word_1_179' title='bbox 490 3114 608 3194; x_wconf 88' lang='lat' dir='ltr'>parati,</span> <span class='ocrx_word' id='word_1_180' title='bbox 647 3133 750 3196; x_wconf 87' lang='lat' dir='ltr'>neque</span> <span class='ocrx_word' id='word_1_181' title='bbox 780 3115 886 3196; x_wconf 89' lang='lat' dir='ltr'>populi</span> <span class='ocrx_word' id='word_1_182' title='bbox 915 3114 1079 3176; x_wconf 86' lang='lat' dir='ltr'>voluntate</span> <span class='ocrx_word' id='word_1_183' title='bbox 1112 3111 1296 3192; x_wconf 81' lang='lat' dir='ltr'>eligantur.</span> 
     </span>
     <span class='ocr_line' id='line_1_26' title="bbox 55 3220 927 3307; baseline 0.002 -25"><span class='ocrx_word' id='word_1_184' title='bbox 55 3221 150 3302; x_wconf 88' lang='lat' dir='ltr'>Apud</span> <span class='ocrx_word' id='word_1_185' title='bbox 169 3221 347 3304; x_wconf 83' lang='lat' dir='ltr'>Vergilium</span> <span class='ocrx_word' id='word_1_186' title='bbox 371 3231 477 3284; x_wconf 89' lang='lat' dir='ltr'>autem</span> <span class='ocrx_word' id='word_1_187' title='bbox 497 3220 780 3307; x_wconf 80' lang='lat' dir='ltr'>Carthaginienses</span> <span class='ocrx_word' id='word_1_188' title='bbox 800 3227 828 3304; x_wconf 91' lang='lat' dir='ltr'>l,</span> <span class='ocrx_word' id='word_1_189' title='bbox 852 3224 927 3284; x_wconf 78' lang='lat' dir='ltr'>tau:</span> 
     </span>
    </p>
   </div>
   <div class='ocr_carea' id='block_1_7' title="bbox 56 3349 1295 3861">
    <p class='ocr_par' dir='ltr' id='par_1_9' title="bbox 56 3349 1295 3646">
     <span class='ocr_line' id='line_1_27' title="bbox 140 3349 1114 3428; baseline -0.002 -19"><span class='ocrx_word' id='word_1_190' title='bbox 140 3350 221 3410; x_wconf 83' lang='lat' dir='ltr'>Iuro</span> <span class='ocrx_word' id='word_1_191' title='bbox 241 3351 510 3428; x_wconf 78' lang='lat' dir='ltr'>mopistrotasque</span> <span class='ocrx_word' id='word_1_192' title='bbox 530 3349 673 3425; x_wconf 77' lang='lat' dir='ltr'>lapaut</span> <span class='ocrx_word' id='word_1_193' title='bbox 691 3357 901 3428; x_wconf 74' lang='lat' dir='ltr'>sanctumque</span> <span class='ocrx_word' id='word_1_194' title='bbox 917 3356 1114 3408; x_wconf 79' lang='lat' dir='ltr'>acuatum.</span> 
     </span>
     <span class='ocr_line' id='line_1_28' title="bbox 56 3453 1295 3538; baseline -0.002 -22"><span class='ocrx_word' id='word_1_195' title='bbox 56 3475 120 3536; x_wconf 88' lang='lat' dir='ltr'>qua</span> <span class='ocrx_word' id='word_1_196' title='bbox 139 3455 294 3518; x_wconf 85' lang='lat' dir='ltr'>electione</span> <span class='ocrx_word' id='word_1_197' title='bbox 315 3454 558 3518; x_wconf 82' lang='lat' dir='ltr'>democraticum</span> <span class='ocrx_word' id='word_1_198' title='bbox 572 3453 727 3538; x_wconf 89' lang='lat' dir='ltr'>quandam</span> <span class='ocrx_word' id='word_1_199' title='bbox 746 3455 882 3518; x_wconf 86' lang='lat' dir='ltr'>indolem</span> <span class='ocrx_word' id='word_1_200' title='bbox 903 3465 999 3535; x_wconf 88' lang='lat' dir='ltr'>poeta</span> <span class='ocrx_word' id='word_1_201' title='bbox 1014 3455 1201 3536; x_wconf 83' lang='lat' dir='ltr'>Carthagini</span> <span class='ocrx_word' id='word_1_202' title='bbox 1214 3471 1295 3514; x_wconf 89' lang='lat' dir='ltr'>con-</span> 
     </span>
     <span class='ocr_line' id='line_1_29' title="bbox 58 3564 616 3646; baseline 0 -19"><span class='ocrx_word' id='word_1_203' title='bbox 58 3565 156 3628; x_wconf 85' lang='lat' dir='ltr'>cedit.</span> <span class='ocrx_word' id='word_1_204' title='bbox 177 3566 307 3626; x_wconf 85' lang='lat' dir='ltr'>Aeneas</span> <span class='ocrx_word' id='word_1_205' title='bbox 328 3583 455 3646; x_wconf 84' lang='lat' dir='ltr'>qaoque</span> <span class='ocrx_word' id='word_1_206' title='bbox 476 3566 534 3644; x_wconf 88' lang='lat' dir='ltr'>lll,</span> <span class='ocrx_word' id='word_1_207' title='bbox 557 3564 616 3627; x_wconf 80' lang='lat'>58:</span> 
     </span>
    </p>

    <p class='ocr_par' dir='ltr' id='par_1_10' title="bbox 139 3672 1101 3752">
     <span class='ocr_line' id='line_1_30' title="bbox 139 3672 1101 3752; baseline -0.01 -15"><span class='ocrx_word' id='word_1_208' title='bbox 139 3672 337 3737; x_wconf 73' lang='lat' dir='ltr'>Delector</span> <span class='ocrx_word' id='word_1_209' title='bbox 355 3674 469 3752; x_wconf 82' lang='lat' dir='ltr'>populi</span> <span class='ocrx_word' id='word_1_210' title='bbox 488 3675 534 3734; x_wconf 81' lang='lat' dir='ltr'>od</span> <span class='ocrx_word' id='word_1_211' title='bbox 549 3691 699 3743; x_wconf 78' lang='lat' dir='ltr'>proceres</span> <span class='ocrx_word' id='word_1_212' title='bbox 717 3675 919 3750; x_wconf 82' lang='lat' dir='ltr'>primumque</span> <span class='ocrx_word' id='word_1_213' title='bbox 937 3677 1101 3750; x_wconf 82' lang='lat' dir='ltr'>parentem</span> 
     </span>
    </p>

    <p class='ocr_par' dir='ltr' id='par_1_11' title="bbox 124 3779 1087 3861">
     <span class='ocr_line' id='line_1_31' title="bbox 124 3779 1087 3861; baseline 0.001 -21"><span class='ocrx_word' id='word_1_214' title='bbox 124 3779 292 3840; x_wconf 74' lang='lat' dir='ltr'>Monstro</span> <span class='ocrx_word' id='word_1_215' title='bbox 313 3781 405 3842; x_wconf 82' lang='lat' dir='ltr'>deum</span> <span class='ocrx_word' id='word_1_216' title='bbox 427 3781 542 3861; x_wconf 74' lang='lat' dir='ltr'>refero,</span> <span class='ocrx_word' id='word_1_217' title='bbox 564 3786 603 3854; x_wconf 85' lang='lat' dir='ltr'>ct,</span> <span class='ocrx_word' id='word_1_218' title='bbox 627 3797 709 3859; x_wconf 81' lang='lat' dir='ltr'>quoe</span> <span class='ocrx_word' id='word_1_219' title='bbox 728 3783 774 3838; x_wconf 84' lang='lat' dir='ltr'>ait</span> <span class='ocrx_word' id='word_1_220' title='bbox 793 3783 962 3856; x_wconf 80' lang='lat' dir='ltr'>oenteootio,</span> <span class='ocrx_word' id='word_1_221' title='bbox 980 3797 1087 3854; x_wconf 78' lang='lat' dir='ltr'>posco.</span> 
     </span>
    </p>
   </div>
   <div class='ocr_carea' id='block_1_8' title="bbox 59 3905 1303 4750">
    <p class='ocr_par' dir='ltr' id='par_1_12' title="bbox 59 3905 1303 4750">
     <span class='ocr_line' id='line_1_32' title="bbox 59 3905 1299 3994; baseline -0.005 -20"><span class='ocrx_word' id='word_1_222' title='bbox 59 3911 146 3994; x_wconf 89' lang='lat' dir='ltr'>qaod</span> <span class='ocrx_word' id='word_1_223' title='bbox 167 3929 209 3971; x_wconf 86' lang='lat' dir='ltr'>ex</span> <span class='ocrx_word' id='word_1_224' title='bbox 229 3929 269 3973; x_wconf 88' lang='lat' dir='ltr'>ca</span> <span class='ocrx_word' id='word_1_225' title='bbox 288 3912 409 3975; x_wconf 87' lang='lat' dir='ltr'>ratione</span> <span class='ocrx_word' id='word_1_226' title='bbox 433 3910 576 3985; x_wconf 86' lang='lat' dir='ltr'>instituit,</span> <span class='ocrx_word' id='word_1_227' title='bbox 599 3928 661 3991; x_wconf 89' lang='lat' dir='ltr'>qua</span> <span class='ocrx_word' id='word_1_228' title='bbox 681 3908 827 3991; x_wconf 86' lang='lat' dir='ltr'>prodigia</span> <span class='ocrx_word' id='word_1_229' title='bbox 841 3907 964 3969; x_wconf 79' lang='lat' dir='ltr'>Romae</span> <span class='ocrx_word' id='word_1_230' title='bbox 986 3905 1027 3968; x_wconf 89' lang='lat' dir='ltr'>ad</span> <span class='ocrx_word' id='word_1_231' title='bbox 1048 3913 1193 3966; x_wconf 83' lang='lat' dir='ltr'>senatum</span> <span class='ocrx_word' id='word_1_232' title='bbox 1210 3923 1299 3968; x_wconf 89' lang='lat' dir='ltr'>sem-</span> 
     </span>
     <span class='ocr_line' id='line_1_33' title="bbox 60 3999 1300 4102; baseline -0.006 -21"><span class='ocrx_word' id='word_1_233' title='bbox 60 4039 117 4102; x_wconf 88' lang='lat' dir='ltr'>per</span> <span class='ocrx_word' id='word_1_234' title='bbox 138 4019 366 4100; x_wconf 67' lang='lat' dir='ltr'>referebantur,⁴</span> <span class='ocrx_word' id='word_1_235' title='bbox 389 4017 479 4080; x_wconf 89' lang='lat' dir='ltr'>cuius</span> <span class='ocrx_word' id='word_1_236' title='bbox 500 4018 695 4079; x_wconf 84' lang='lat' dir='ltr'>innumeram</span> <span class='ocrx_word' id='word_1_237' title='bbox 717 4015 802 4095; x_wconf 86' lang='lat' dir='ltr'>apud</span> <span class='ocrx_word' id='word_1_238' title='bbox 820 4016 947 4077; x_wconf 76' lang='lat' dir='ltr'>invium</span> <span class='ocrx_word' id='word_1_239' title='bbox 961 3999 1079 4094; x_wconf 82' lang='lat' dir='ltr'>poteris</span> <span class='ocrx_word' id='word_1_240' title='bbox 1101 4012 1219 4074; x_wconf 89' lang='lat' dir='ltr'>habere</span> <span class='ocrx_word' id='word_1_241' title='bbox 1241 4033 1300 4076; x_wconf 90' lang='lat' dir='ltr'>co-</span> 
     </span>
     <span class='ocr_line' id='line_1_34' title="bbox 62 4121 1301 4210; baseline -0.006 -20"><span class='ocrx_word' id='word_1_242' title='bbox 62 4129 147 4210; x_wconf 92' lang='lat' dir='ltr'>piam</span> <span class='ocrx_word' id='word_1_243' title='bbox 174 4145 207 4186; x_wconf 77' lang='grc' dir='ltr'>ν.</span> <span class='ocrx_word' id='word_1_244' title='bbox 234 4143 266 4208; x_wconf 86' lang='lat' dir='ltr'>g.</span> <span class='ocrx_word' id='word_1_245' title='bbox 292 4126 407 4205; x_wconf 84' lang='lat' dir='ltr'>xxll,</span> <span class='ocrx_word' id='word_1_246' title='bbox 432 4125 465 4186; x_wconf 82' lang='lat' dir='ltr'>l:</span> <span class='ocrx_word' id='word_1_247' title='bbox 487 4123 576 4204; x_wconf 88' lang='lat' dir='ltr'>·„His,</span> <span class='ocrx_word' id='word_1_248' title='bbox 599 4124 794 4185; x_wconf 72' lang='lat' dir='ltr'>sicut&#39;erant</span> <span class='ocrx_word' id='word_1_249' title='bbox 814 4123 971 4204; x_wconf 83' lang='lat' dir='ltr'>nuntiata,</span> <span class='ocrx_word' id='word_1_250' title='bbox 994 4121 1164 4202; x_wconf 84' lang='lat' dir='ltr'>expositis,</span> <span class='ocrx_word' id='word_1_251' title='bbox 1186 4131 1301 4183; x_wconf 86' lang='lat' dir='ltr'>aucto-</span> 
     </span>
     <span class='ocr_line' id='line_1_35' title="bbox 62 4230 1301 4316; baseline -0.002 -22"><span class='ocrx_word' id='word_1_252' title='bbox 62 4237 217 4316; x_wconf 89' lang='lat' dir='ltr'>ribusque</span> <span class='ocrx_word' id='word_1_253' title='bbox 239 4234 269 4294; x_wconf 89' lang='lat' dir='ltr'>iu</span> <span class='ocrx_word' id='word_1_254' title='bbox 290 4235 412 4294; x_wconf 90' lang='lat' dir='ltr'>curiam</span> <span class='ocrx_word' id='word_1_255' title='bbox 429 4230 628 4311; x_wconf 83' lang='lat' dir='ltr'>introductis,</span> <span class='ocrx_word' id='word_1_256' title='bbox 641 4230 753 4292; x_wconf 76' lang='lat' dir='ltr'>conoul</span> <span class='ocrx_word' id='word_1_257' title='bbox 773 4230 813 4292; x_wconf 89' lang='lat' dir='ltr'>de</span> <span class='ocrx_word' id='word_1_258' title='bbox 823 4231 976 4312; x_wconf 82' lang='lat' dir='ltr'>religione</span> <span class='ocrx_word' id='word_1_259' title='bbox 991 4238 1100 4311; x_wconf 90' lang='lat' dir='ltr'>patres</span> <span class='ocrx_word' id='word_1_260' title='bbox 1112 4231 1301 4294; x_wconf 88' lang='lat' dir='ltr'>consuluit.“</span> 
     </span>
     <span class='ocr_line' id='line_1_36' title="bbox 62 4338 1301 4431; baseline -0.003 -24"><span class='ocrx_word' id='word_1_261' title='bbox 62 4342 170 4425; x_wconf 80' lang='lat' dir='ltr'>XLV,</span> <span class='ocrx_word' id='word_1_262' title='bbox 195 4341 249 4403; x_wconf 85' lang='lat' dir='ltr'>lb:</span> <span class='ocrx_word' id='word_1_263' title='bbox 292 4341 361 4417; x_wconf 87' lang='lat' dir='ltr'>„Dc</span> <span class='ocrx_word' id='word_1_264' title='bbox 382 4339 535 4422; x_wconf 76' lang='lat' dir='ltr'>prodigiis</span> <span class='ocrx_word' id='word_1_265' title='bbox 566 4338 678 4403; x_wconf 89' lang='lat' dir='ltr'>deinde</span> <span class='ocrx_word' id='word_1_266' title='bbox 698 4340 848 4402; x_wconf 86' lang='lat' dir='ltr'>nuntiatis</span> <span class='ocrx_word' id='word_1_267' title='bbox 869 4346 1000 4401; x_wconf 87' lang='lat' dir='ltr'>senatus</span> <span class='ocrx_word' id='word_1_268' title='bbox 1021 4346 1072 4401; x_wconf 86' lang='lat' dir='ltr'>est</span> <span class='ocrx_word' id='word_1_269' title='bbox 1103 4341 1301 4431; x_wconf 84' lang='lat' dir='ltr'>consultus.“</span> 
     </span>
     <span class='ocr_line' id='line_1_37' title="bbox 65 4446 1301 4534; baseline -0.006 -18"><span class='ocrx_word' id='word_1_270' title='bbox 65 4453 217 4516; x_wconf 84' lang='lat' dir='ltr'>Ceterum</span> <span class='ocrx_word' id='word_1_271' title='bbox 228 4449 337 4514; x_wconf 80' lang='lat' dir='ltr'>versui</span> <span class='ocrx_word' id='word_1_272' title='bbox 352 4450 402 4515; x_wconf 83' lang='grc'>58.</span> <span class='ocrx_word' id='word_1_273' title='bbox 426 4449 634 4534; x_wconf 85' lang='lat' dir='ltr'>grammatica</span> <span class='ocrx_word' id='word_1_274' title='bbox 655 4446 928 4514; x_wconf 80' lang='lat' dir='ltr'>difficultasinest.</span> <span class='ocrx_word' id='word_1_275' title='bbox 950 4446 1072 4528; x_wconf 82' lang='lat' dir='ltr'>Quaeri</span> <span class='ocrx_word' id='word_1_276' title='bbox 1092 4450 1173 4511; x_wconf 89' lang='lat' dir='ltr'>enim</span> <span class='ocrx_word' id='word_1_277' title='bbox 1186 4457 1301 4530; x_wconf 82' lang='lat' dir='ltr'>potest,</span> 
     </span>
     <span class='ocr_line' id='line_1_38' title="bbox 66 4544 1303 4639; baseline -0.006 -18"><span class='ocrx_word' id='word_1_278' title='bbox 66 4568 165 4623; x_wconf 88' lang='lat' dir='ltr'>utrum</span> <span class='ocrx_word' id='word_1_279' title='bbox 181 4563 321 4639; x_wconf 70' lang='lat' dir='ltr'>prienam</span> <span class='ocrx_word' id='word_1_280' title='bbox 343 4558 385 4619; x_wconf 83' lang='lat' dir='ltr'>sit</span> <span class='ocrx_word' id='word_1_281' title='bbox 407 4556 592 4619; x_wconf 86' lang='lat' dir='ltr'>adverbium</span> <span class='ocrx_word' id='word_1_282' title='bbox 614 4557 727 4638; x_wconf 89' lang='lat' dir='ltr'>(primo</span> <span class='ocrx_word' id='word_1_283' title='bbox 749 4557 837 4630; x_wconf 85' lang='lat' dir='ltr'>loco)</span> <span class='ocrx_word' id='word_1_284' title='bbox 857 4575 897 4617; x_wconf 89' lang='lat' dir='ltr'>an</span> <span class='ocrx_word' id='word_1_285' title='bbox 911 4544 1115 4636; x_wconf 66' lang='lat' dir='ltr'>adiectiv&#39;um,</span> <span class='ocrx_word' id='word_1_286' title='bbox 1136 4559 1181 4616; x_wconf 88' lang='lat' dir='ltr'>ita</span> <span class='ocrx_word' id='word_1_287' title='bbox 1194 4563 1225 4615; x_wconf 89' lang='lat' dir='ltr'>ut</span> <span class='ocrx_word' id='word_1_288' title='bbox 1236 4545 1303 4634; x_wconf 85' lang='lat' dir='ltr'>p&#39;ri-</span> 
     </span>
     <span class='ocr_line' id='line_1_39' title="bbox 67 4662 1302 4750; baseline -0.006 -20"><span class='ocrx_word' id='word_1_289' title='bbox 67 4687 135 4730; x_wconf 87' lang='lat' dir='ltr'>mus</span> <span class='ocrx_word' id='word_1_290' title='bbox 162 4683 348 4750; x_wconf 84' lang='lat' dir='ltr'>procerum</span> <span class='ocrx_word' id='word_1_291' title='bbox 364 4665 558 4728; x_wconf 89' lang='lat' dir='ltr'>delectorum</span> <span class='ocrx_word' id='word_1_292' title='bbox 583 4665 637 4727; x_wconf 88' lang='lat' dir='ltr'>vel</span> <span class='ocrx_word' id='word_1_293' title='bbox 664 4673 797 4730; x_wconf 81' lang='lat' dir='ltr'>serratus</span> <span class='ocrx_word' id='word_1_294' title='bbox 818 4666 837 4726; x_wconf 88' lang='lat' dir='ltr'>i.</span> <span class='ocrx_word' id='word_1_295' title='bbox 860 4686 888 4727; x_wconf 88' lang='lat' dir='ltr'>e.</span> <span class='ocrx_word' id='word_1_296' title='bbox 917 4667 1061 4746; x_wconf 88' lang='lat' dir='ltr'>princeps</span> <span class='ocrx_word' id='word_1_297' title='bbox 1091 4662 1302 4745; x_wconf 83' lang='lat' dir='ltr'>significetur.</span> 
     </span>
    </p>
   </div>
   <div class='ocr_carea' id='block_1_9' title="bbox 70 4778 613 4862">
    <p class='ocr_par' dir='ltr' id='par_1_13' title="bbox 70 4778 613 4862">
     <span class='ocr_line' id='line_1_40' title="bbox 70 4778 613 4862; baseline -0.007 -18"><span class='ocrx_word' id='word_1_298' title='bbox 70 4779 191 4859; x_wconf 84' lang='lat' dir='ltr'>Quodsi</span> <span class='ocrx_word' id='word_1_299' title='bbox 215 4780 260 4862; x_wconf 79' lang='lat' dir='ltr'>ll,</span> <span class='ocrx_word' id='word_1_300' title='bbox 282 4778 353 4842; x_wconf 77' lang='lat' dir='ltr'>tou.</span> <span class='ocrx_word' id='word_1_301' title='bbox 375 4795 613 4860; x_wconf 86' lang='lat' dir='ltr'>comparamus:</span> 
     </span>
    </p>
   </div>
   <div class='ocr_carea' id='block_1_10' title="bbox 0 0 1532 5184">
    <p class='ocr_par' dir='ltr' id='par_1_14' title="bbox 0 0 1532 5184">
     <span class='ocr_line' id='line_1_41' title="bbox 0 0 1532 5184; baseline 0 0"><span class='ocrx_word' id='word_1_302' title='bbox 0 0 1532 5184; x_wconf 95' lang='lat' dir='ltr'> </span> 
     </span>
    </p>
   </div>
  </div>
 </body>
</html>
