3000 5184
158 256 216 320 De
234 247 386 339 clipeo,
405 266 540 327 scuto,
564 274 718 339 parma,
741 258 877 338 pelta,
900 265 1038 331 cetra,
1062 256 1196 321 ancili
1259 257 1299 321 71

135 442 288 503 Maeonio
308 444 381 519 reci
397 461 490 522 quem
509 462 603 503 serra
623 440 794 519 Licymnia
813 444 929 521 furtim

140 547 329 611 &circinat
347 554 511 629 vetitisque
531 552 576 609 cd
599 550 723 611 Troiam
743 553 880 609 miserat
898 552 1009 629 amir,

139 659 252 717 Eure
273 658 351 717 lecit
371 658 455 717 nudo
473 675 680 736 parmaque
701 656 860 733 moerim
880 655 979 715 albu.

46 763 150 827 Unde
175 782 256 824 vcro
277 759 405 827 veritat
435 765 499 825 lam
523 764 660 827 Servius
680 761 761 823 hanc
791 777 901 824 curam
920 760 1045 823 'aufem
1088 761 1294 837 „Secundum

46 878 220 937 Donatum
242 858 350 936 vetitis
371 875 449 952 fato,
473 871 531 933 sed
553 862 761 951 melius'lege
782 868 904 930 militari
914 867 1128 953 intelligimus,
1141 872 1299 951 quasetvi

51 1002 74 1043 a
97 984 213 1044 militia
231 982 506 1063 prohibebantur.“
543 980 639 1042 Hunc
670 996 799 1040 servum
832 984 929 1060 poeta
960 974 1051 1060 fingit
1084 998 1199 1056 parma
1220 979 1301 1039 alta.
1397 1050 1401 1065 ¹

48 1092 213 1155 Serviusz
236 1090 347 1171 „quami
367 1090 456 1151 tiro.“
479 1086 561 1150 idem
583 1087 623 1149 ad
646 1087 718 1159 vlt,
742 1084 823 1150 796:
852 1084 956 1162 „Nam
980 1084 1062 1165 apud
1086 1090 1222 1147 maiores
1244 1086 1299 1146 vi·

44 1219 156 1260 rorum
179 1198 305 1261 fortium
326 1197 411 1277 picta
433 1202 523 1257 erant
543 1203 647 1265 scuta,
667 1213 687 1254 e
707 1200 818 1255 contra
839 1193 983 1255 inertium
1003 1202 1035 1253 et
1056 1194 1192 1256 tironum
1215 1212 1296 1275 pura

46 1308 173 1367 erant“
196 1305 318 1369 Eadem
340 1307 463 1366 ratione
484 1301 618 1365 Camilla
639 1299 679 1362 de
703 1319 785 1381 equo
806 1298 910 1360 desilit
932 1298 981 1359 XI
988 1342 1000 1381 ,
1021 1294 1098 1360 711:

136 1433 249 1493 Eme
265 1434 364 1510 pedet
384 1432 469 1491 nudo
486 1448 658 1509 puraque
678 1432 825 1489 interrita
842 1447 998 1506 parma

48 1556 238 1620 Mezentius
259 1558 304 1641 X,
325 1556 399 1619 800.
420 1554 531 1636 hausi,
556 1554 607 1635 qui
629 1555 730 1633 prima
749 1552 906 1633 stipendia
922 1550 1046 1655 meruit,
1076 1556 1146 1613 nati
1163 1572 1302 1631 parma

47 1671 220 1741 protectus
241 1665 384 1725 Aeneam
407 1662 532 1742 effugit,
552 1659 610 1723 sed
633 1662 736 1742 ipsum
760 1661 890 1722 Aeneas
905 1658 1052 1721 interficit
1067 1659 1134 1721 ensi
1150 1661 1195 1741 X,
1206 1660 1282 1725 817:

143 1788 277 1849 Transit
294 1794 326 1849 et
341 1806 528 1864 parmam
548 1806 668 1856 mucro,
694 1787 805 1846 levia
826 1804 936 1846 arma
954 1788 1103 1849 mittaris.

51 1909 187 1971 'furnus
208 1912 275 1987 IX,
303 1911 374 1973 765.
398 1910 532 1973 occisis:

139 2018 242 2079 Addit
260 2017 379 2096 Halym
399 2022 540 2079 comitem
560 2024 593 2079 et
613 2019 741 2097 confina
763 2017 893 2095 Pltepca
910 2038 1062 2096 parma.

54 2123 183 2202 Quodsi
212 2127 244 2185 in
266 2124 316 2185 his
346 2125 489 2186 omnibus
509 2124 648 2185 leviores
670 2124 785 2205 milites
807 2124 989 2205 tironesque
1010 2126 1147 2187 maxime
1169 2134 1303 2206 specta·
1331 2186 1336 2193 .

51 2238 103 2297 vit
134 2244 248 2315 poeta,
285 2237 410 2316 equites
439 2254 562 2318 quoque
593 2236 674 2297 alias
697 2254 806 2315 parma
827 2235 972 2297 armavit
1015 2236 1089 2298 Huc
1118 2238 1229 2299 nescio
1262 2256 1305 2301 au

54 2342 229 2405 referenda
250 2342 293 2404 sit
312 2343 414 2422 ipsius
437 2342 590 2405 Camillae
610 2362 729 2425 parma.
766 2344 865 2405 Porro
889 2345 955 2423 xl,
974 2340 1046 2405 utu.
1080 2345 1167 2407 versi
1193 2324 1298 2407 [ratini

144 2442 292 2514 mictum
308 2472 473 2531 permar
493 2460 526 2514 et
544 2472 642 2533 equor
664 2455 708 2514 ad
726 2456 849 2512 moenia
867 2458 1003 2513 vertunt.

60 2562 194 2624 teneas
214 2563 280 2639 ur,
303 2560 380 2623 ete:

395 2688 550 2768 Equitum
571 2686 679 2748 leuia
697 2686 849 2765 inprobus
870 2704 979 2788 armo

148 2798 330 2859 Promisit.

56 2926 110 2992 ef.
143 2926 215 2990 Liv.
244 2928 313 3007 IX,
345 2924 407 2988 39:
452 2926 646 3007 „Cornelius
674 2926 849 3008 respiciens
881 2926 921 2990 ad
956 2929 1135 3008 manipulos
1169 2930 1300 2993 militum

57 3034 144 3116 qnod
177 3054 288 3119 marm,
318 3035 401 3117 quod
430 3053 514 3096 vnce
543 3042 687 3117 poterat,
721 3037 935 3110 monstrabat,
966 3038 1084 3098 vexilla
1113 3054 1151 3099 se
1179 3055 1307 3100 suorum

60 3161 308 3224 parmasque
340 3160 471 3203 cernere
502 3136 717 3223 equitum.“
759 3134 888 3220 XXVlj
919 3144 950 3205 4.
994 3142 1095 3206 Unum
1128 3144 1309 3209 invenimus

61 3250 146 3332 apud
170 3252 334 3313 Maronem
358 3251 479 3331 Buten,
501 3253 615 3334 iugens
636 3270 772 3333 corpus,
799 3270 903 3335 neque
926 3252 1082 3334 equitem,
1103 3274 1207 3335 neque
1229 3258 1308 3319 tirc-

61 3381 157 3437 nem,
179 3363 233 3421 cui
255 3358 398 3420 morienti
421 3360 486 3433 XI,
509 3356 588 3422 693:

392 3467 499 3529 Laeuo
519 3470 672 3546 dependet
689 3488 829 3546 parma
848 3468 976 3528 lacerto.

144 3599 176 3665 4.
219 3599 385 3681 „cetra
414 3603 459 3662 ait
484 3598 592 3661 isidor.
622 3600 757 3679 XVllI,
796 3597 849 3674 12,
880 3598 923 3679 5.,
951 3606 1078 3661 scutum
1098 3598 1217 3662 loreum
1239 3603 1308 3664 sine

62 3712 166 3792 liguo,
187 3727 250 3790 quo
272 3716 398 3769 utuntur
419 3706 512 3769 Afri
536 3717 569 3769 ct
589 3702 759 3768 Mauri.“
801 3706 900 3768 'facit
923 3707 1001 3790 Agr.
1022 3696 1078 3769 36:
1100 3708 1308 3786 „Britanni

60 3814 247 3902 ingentibus
281 3814 397 3897 gladiis
434 3823 467 3875 et
499 3813 647 3875 brevibus
685 3806 817 3875 mund<
880 3812 977 3875 Caes.
1012 3815 1049 3876 B.
1085 3812 1156 3875 civ.
1185 3817 1215 3887 l,
1248 3814 1307 3878 39:

62 3928 192 4009 „Erant
210 3956 252 3966 -
273 3922 419 4003 legiones
441 3923 560 3984 Afranii
588 3931 671 4000 tres,
706 3922 824 3983 Petrcii
846 3920 929 3983 duae
939 3966 950 4003 ,
979 3930 1145 4003 praeterea
1163 3931 1309 3986 scutatae

62 4029 219 4093 citerioris
243 4032 429 4110 provinciae
451 4037 483 4089 et
504 4036 645 4111 cetratae
669 4030 898 4090 ulterioris
926 4028 1156 4109 Hispaniae
1184 4030 1308 4092 circiter

64 4133 276 4220 octoginta.“·
308 4138 333 4213 1,
354 4136 410 4199 482
430 4136 529 4217 „Hos
550 4135 633 4196 leuis
657 4145 835 4198 armaturae
858 4137 1001 4198 Lusitani
1024 4140 1181 4218 peritique
1201 4158 1310 4202 earum

65 4244 231 4328 regionum
252 4244 366 4306 cetrati
398 4244 619 4306 citerioris
648 4244 879 4325 Hispaniae
908 4225 1204 4319 consectabantur.“
1246 4249 1310 4323 (el.

65 4354 92 4429 Ι,
110 4351 188 4425 78.)
210 4351 305 4415 Serv.
334 4348 375 4411 ad
402 4351 483 4411 Aen.
514 4350 694 4433 vl1,732:
732 4353 893 4433 „scutum
919 4354 1057 4437 loreum,
1093 4373 1154 4436 qun
1184 4364 1311 4419 utuntur

66 4460 138 4522 Afri
159 4466 193 4521 et
220 4454 433 4539 Hispani.“
443 4481 447 4488 ·
473 4459 546 4524 hir.
566 4459 727 4534 XXXlll,
747 4458 786 4523 8:
819 4458 1005 4541 „Philippus
1035 4478 1107 4522 cum
1129 4464 1257 4525 cetratis
1278 4473 1311 4527 ct

66 4588 163 4631 cornu
182 4566 298 4628 dex'tro
321 4564 471 4646 peditum,
492 4566 605 4628 robora
626 4565 884 4629 Macedonici
909 4565 1102 4631 exercitus.“
1127 4572 1183 4643 (ol.
1200 4574 1307 4657 Xirll,
1365 4550 1368 4559 ,

67 4684 140 4754 51.)
172 4663 323 4762 XXXV,
360 4677 417 4741 30:
445 4680 646 4761 „Extemplo
691 4679 803 4740 cetrati
837 4679 1092 4743 Achaeorum
1134 4681 1164 4742 in
1203 4689 1311 4743 castra

67 4785 218 4873 impetum
239 4780 395 4851 iaciuut“
439 4786 491 4848 Ex
512 4787 627 4868 quibus
646 4786 724 4849 lucis
745 4786 891 4869 quamuis
913 4794 1037 4872 pateat,
1067 4795 1185 4852 cetram
1204 4792 1309 4853 multis
