3000 5184
207 249 248 312 13
647 327 651 334 ἢ
691 232 747 330 De
768 248 952 311 elamore.

69 467 74 472 -
205 442 338 496 euetere
359 431 401 512 11,
418 429 475 494 323
498 427 649 511 „tubicen
670 431 710 492 33
729 430 843 493 bellum
864 437 964 493 33331
984 429 1101 493 milites
1121 439 1157 494 et
1170 441 1295 494 rursum
1310 433 1461 513 receptui

210 541 333 604 enuit“
372 541 564 621 Aeneaeque
584 536 643 620 Vl,
665 535 746 602 232·

647 671 648 676 ’
715 635 839 725 inuenti
856 647 937 708 mele
958 649 1179 726 sepulchrum

284 699 426 838 Inponit,
448 775 570 836 suaque
592 773 684 816 33313
703 757 772 815 utre
790 772 974 835 remumque
992 755 1170 835 tutumque

120 847 127 854 “
206 865 333 928 nutu·
351 865 450 946 igitur
471 871 539 926 3331
559 859 678 924 Miseni
699 880 718 923 3
739 861 899 924 ’133133
856 881 899 946 eg
901 863 981 923 33331
1002 861 1163 947 33331313,
1202 854 1323 945 quippe
1353 882 1459 947 quum

200 975 233 1036 13
248 971 402 1055 remigum
418 985 581 1034 numerum
605 969 700 1031 fuerit
712 977 864 1075 receptus
884 968 1077 1052 tubicenque
1098 971 1303 1040 constitutus
1341 977 1454 1040 Antea

206 1077 466 1156 3333731331

290 1189 441 1252 Hectoris
461 1183 513 1249 Iu‘t
533 1192 644 1264 133331·
657 1188 770 1266 fueret
789 1203 904 1264 333133,
925 1185 1064 1247 Hectore
1085 1187 1206 1246 3133133

285 1303 333 1368 Et
353 1295 578 1379 1333333333
600 1301 737 1376 metente
757 1299 861 1358 ubilat
878 1304 911 1357 et
928 1290 1033 1358 113313.

201 1425 304 1495 33333
324 1429 366 1476 ex
386 1411 448 1476 333
474 1411 546 1474 1333
572 1411 666 1472 velim
695 1405 796 1482 31331,
829 1427 849 1469 3
877 1415 974 1488 poete
1003 1402 1146 1472 lituum
1173 1410 1365 1493 incurvum,
1401 1413 1455 1492 qui

200 1517 340 1601 equitum
368 1522 451 1598 3331,
485 1515 654 1598 permutari
678 1532 747 1577 eum
770 1513 849 1575 1333
871 1509 992 1574 3133313
1012 1512 1174 1594 peditum
1201 1515 1261 1577 sed
1281 1516 1329 1596 113
1350 1518 1453 1581 13131-

198 1625 347 1707 terreum,
379 1625 541 1687 Misenum
571 1623 687 1685 ’133133
712 1621 843 1683 heroum
873 1618 914 1681 de
936 1637 1029 1681 eurru
1049 1630 1263 1703 pugnantum,
1293 1623 1455 1688 Hectoris

198 1733 386 1816 praesertim
402 1732 504 1794 luisse
521 1731 668 1792 1111313333
691 1736 723 1789 31
744 1730 904 1806 comitem,
926 1728 1092 1808 iusumque
1106 1728 1261 1792 interdum
1279 1732 1453 1796 militasse.

200 1847 237 1906 13
258 1841 468 1907 monumentis
490 1852 615 1919 queque
636 1834 789 1898 Romanis
811 1832 965 1896 interdum
986 1835 1200 1916 3331313113,
1230 1854 1315 1918 3333
1336 1840 1370 1902 13
1399 1849 1452 1904 tu-

201 1953 339 2015 bicinum
370 1949 554 2018 memorium
583 1950 658 2003 sunt
679 1949 789 2003 333313
809 1959 842 2001 v.
865 1959 898 2022 g.
919 1940 1030 2002 Lehue
1051 1944 1211 2007 33333333
1232 1947 1454 2014 3333133333

205 2058 261 2122 333
282 2057 398 2122 Geueu
420 2054 478 2117 des
498 2049 754 2132 Dermersbergs.
796 2050 908 2112 313133
933 2050 1022 2114 1837.
1045 2053 1087 2113 11.
1110 2051 1190 2115 'rau
1212 2054 1260 2117 12.
1284 2076 1332 2119 33.
1350 2057 1410 2120 53.

291 2164 442 2232 Secunde
464 2171 515 2225 331
536 2205 557 2242 ,,
566 2159 695 2239 333133,
726 2178 809 2241 3333
830 2161 861 2222 13
882 2167 987 2222 semet
1007 2160 1108 2240 ipsum
1130 2178 1226 2224 33333
1247 2163 1369 2228 3133313
1393 2164 1454 2228 33-

199 2273 326 2341 311133.“
367 2253 489 2358 Veget
510 2271 569 2352 111,
594 2270 623 2334 5.
666 2266 978 2349 (euenturum
998 2287 1044 2329 ur.
1064 2267 1132 2343 57.)
1175 2267 1271 2349 Quod
1297 2272 1451 2360 Vergilio

172 2433 178 2448 .
199 2384 278 2468 vll,
299 2383 370 2452 519.
392 2379 617 2445 confirmatur:
1494 2386 1495 2419 1

243 2555 245 2560 ,
286 2491 367 2554 Tum
387 2505 460 2560 3333
483 2489 651 2550 33333331
674 2485 804 2558 3313333,
824 2502 888 2562 quu
908 2484 1025 2542 333133
1041 2487 1169 2560 eleum

278 2601 362 2664 Dt'ru
382 2601 479 2680 33311,
501 2599 605 2676 ruptis
624 2570 820 2656 eeueurruut
838 2593 978 2670 undique
998 2591 1080 2652 13113.

195 2707 321 2770 Etenim
351 2707 463 2770 eedem
494 2713 565 2788 est,
587 2721 651 2787 que
678 2709 775 2765 33133
802 2700 928 2763 Allecto
948 2695 1021 2760 513
1042 2718 1144 2761 eunuc
1162 2720 1298 2764 3333333
1319 2707 1448 2768 3331311.
1493 2726 1494 2733 “

196 2812 360 2896 1134713

407 2897 498 2959 Belle
520 2896 577 2955 dut
595 2897 723 2970 siqnum
744 2908 842 2952 rauce
863 2894 1030 2950 cruentum

279 3006 413 3066 Buciua.

279 3112 423 3175 'Iertium
445 3118 497 3172 est
528 3125 665 3192 „eeruu³
695 3105 778 3188 3333
800 3125 841 3169 ex
863 3109 927 3170 uris
948 3111 1129 3194 agrestibus
1151 3121 1286 3196 argento
1312 3135 1444 3194 nexum,
1492 3166 1493 3191 2

195 3226 371 3302 1333133313
386 3224 453 3278 3313
466 3215 591 3297 spiritu,
614 3232 708 3296 quem
725 3219 870 3278 canentis
883 3217 979 3279 fletus
993 3219 1116 3301 emittit,
1134 3219 1288 3283 3331133.“
1321 3225 1444 3308 Veget.
1492 3196 1493 3203 ἵ

194 3328 253 3411 III,
274 3325 305 3393 5.
324 3326 503 3408 Vergilium
523 3325 670 3420 33333131
690 3325 803 3407 aliquis
823 3347 842 3390 3
862 3331 1011 3394 versibus
1032 3332 1107 3412 vll,
1128 3333 1201 3398 519.
1219 3332 1339 3398 31513.
1361 3342 1445 3400 13133

194 3453 232 3498 se
253 3434 442 3517 comparetis
462 3451 559 3495 33333
592 3442 624 3496 31
652 3432 798 3497 bucinum
826 3455 921 3499 uuum
949 3437 1096 3521 idemque
1116 3440 1278 3507 33331333.
1321 3447 1445 3532 Neque
1491 3502 1492 3511 ,

193 3549 372 3626 repugnent
393 3540 446 3604 ulii
466 3542 529 3612 1331
550 3541 627 3623 Vll,
648 3543 725 3606 615:

279 3649 448 3732 Aureaque
470 3651 609 3712 3333333
632 3657 818 3732 3333111331
836 3672 955 3716 eumue
978 3675 1085 3721 33333.

200 3758 295 3841 VIII,
316 3755 353 3822 21

407 3841 455 3903 ut
474 3863 570 3905 ruueo
591 3852 799 3926 strepuerunt
817 3865 938 3907 333333
958 3853 1065 3914 tantu.

196 3967 216 4010 3
238 3947 352 4030 331333
372 3946 404 4011 13
426 3947 539 4012 saltem
561 3949 680 4034 elucet,
708 3968 828 4016 333333
849 3969 974 4035 333333
996 3973 1038 4015 ex
1059 3973 1134 4016 3333
1156 3957 1306 4023 33313313
1327 3963 1443 4044 putari,

193 4060 289 4137 31333
310 4062 344 4116 31
365 4056 457 4118 tubes
478 4056 781 4140 333133333333113
804 4057 1012 4123 convocando
1033 4061 1221 4126 inservisse.
1257 4065 1311 4130 cl.
1332 4069 1439 4134 Verre

194 4161 233 4226 L.
256 4160 294 4227 L.
316 4159 360 4223 V.
381 4166 408 4235 s.
432 4162 507 4228 117:
538 4163 711 4248 „Cornue‚
739 4162 825 4247 3333
853 4181 893 4228 33
920 4179 1003 4247 quae
1032 4183 1117 4229 nune
1142 4177 1218 4232 3331
1249 4188 1296 4234 ex
1328 4195 1439 4262 aere,

194 4277 270 4333 tune
289 4265 408 4331 333331
428 4271 544 4335 333313
566 4293 585 4336 3
606 4269 740 4338 333331(

776 4455 812 4546 q.
832 4461 864 4524 3.

681 4590 741 4648 De
759 4589 952 4647 31333333.

277 4703 373 4787 Apud
403 4701 551 4787 plurimos
580 4707 777 4788 antiquitatis
807 4704 943 4789 populus
969 4707 1145 4771 institutum
1174 4718 1262 4791 3331,
1296 4719 1351 4787 ut,
1387 4714 1436 4795 qui

196 4809 350 4896 proelium
372 4815 603 4878 committerent
623 4813 803 4897 exereitus,
833 4827 983 4897 magnum
1005 4816 1150 4882 tollerent
1167 4815 1352 4901 elamorem,
1377 4840 1436 4903 que
1485 4864 1487 4881 .
