3000 5184
282 155 340 221 tit
751 175 758 185 .
777 150 839 212 lle
858 147 1020 230 legatis.

363 340 494 416 lampae
516 343 704 398 oratores
724 334 860 395 aderant
881 351 926 392 ec
947 332 1025 392 urla
1044 329 1182 414 latino,

369 445 474 506 Veluti
493 447 592 506 rmm's
611 443 706 516 olene,
727 443 912 519 veniamque
932 445 1091 517 rogantes.

279 553 341 626 XI,
360 550 424 612 227
433 568 440 614 :
458 594 462 602 =

361 627 512 735 Lleyati
532 675 685 736 responsu
704 657 826 734 fenora

66 713 70 740 .·
179 755 181 766 '
279 767 340 848 Xl,
361 763 438 827 239:

361 873 476 954 Adque
497 874 549 932 hie
570 873 726 950 legatos
749 871 864 933 Aetola
884 891 928 932 erc
946 872 1023 932 urbe
1044 873 1202 941 remissos,

365 981 454 1056 Quae
474 985 624 1064 referant,
650 981 721 1058 sari
738 979 830 1037 iactet.

248 1156 251 1162 ¹
281 1089 338 1166 Xl,
360 1088 441 1152 2965

369 1199 436 1260 Vin*
457 1217 494 1257 aa
514 1197 651 1272 leuati.

282 1333 386 1394 Unum
408 1339 471 1412 est,
499 1326 583 1409 quod
602 1329 633 1389 iu
656 1327 868 1410 legationibus
889 1324 1013 1386 duabus
1035 1342 1106 1385 marn
1131 1324 1275 1386 Romana
1295 1321 1493 1385 consuetudi

159 1446 163 1454 ‘
282 1457 343 1499 non
366 1453 541 1516 congruere
561 1432 667 1494 video.
718 1432 900 1496 Observavi
925 1433 1006 1493 euim
1029 1430 1112 1512 apud
1135 1417 1278 1503 Livium,
1310 1432 1476 1512 legatosu

282 1565 368 1608 mero
392 1557 478 1606 tres
500 1544 612 1604 solitos
633 1559 708 1604 esse
729 1543 811 1604 mitti
834 1561 867 1602 v.
890 1561 921 1624 g.
942 1542 1006 1623 lll,
1029 1540 1085 1601 31:
1120 1539 1237 1616 „Missi
1259 1539 1356 1618 legati
1377 1538 1494 1598 Athen

283 1658 340 1736 Sp.
363 1654 545 1715 Postumius
567 1651 679 1726 Albae,
703 1653 742 1712 A.
766 1651 918 1730 Manlius,
940 1649 977 1711 P.
1001 1649 1164 1729 Sulpicius
1196 1647 1393 1723 Camerinus,
1423 1650 1491 1708 iuss

163 1787 165 1800 ·
281 1781 342 1843 que
364 1763 488 1824 inclitas
509 1763 601 1843 loges
624 1758 755 1822 Solonis
777 1755 958 1818 describere
980 1765 1013 1816 et
1033 1757 1162 1817 aliarum
1184 1753 1343 1836 Graeciae
1358 1757 1488 1817 civitetu

281 1873 437 1946 instituta,
457 1888 563 1931 mores
582 1870 715 1951 iuraque
735 1865 905 1930 noscere.“
946 1870 1011 1946 111,
1033 1868 1091 1929 50:
1121 1869 1316 1942 „Mittuntur
1337 1876 1402 1930 tres
1425 1867 1496 1946 lega

284 1973 506 2040 consulares.“
548 1977 598 2058 V,
628 1977 685 2038 28:
715 1975 973 2057 „Craterumque
995 1995 1123 2037 auream
1147 1977 1261 2039 donum
1286 1976 1423 2058 Apollini
1446 1975 1493 2034 lie

282 2087 363 2168 phos
385 2085 483 2166 legati
506 2087 559 2162 qui
580 2083 710 2162 ferrent,
732 2083 770 2147 L.
788 2083 945 2155 Valerius,
971 2083 1008 2142 L.
1022 2083 1167 2165 Sergius,
1192 2084 1230 2146 A.
1244 2083 1383 2144 Manlius
1400 2082 1497 2142 missi.

283 2193 333 2272 V,
363 2193 418 2254 35:
452 2193 597 2274 „Legati
620 2201 687 2253 tres
711 2196 758 2256 Μ.
781 2193 869 2255 Fabii
892 2193 1043 2254 Ambusti
1064 2192 1119 2253 lilii
1146 2187 1270 2252 missi.“
1319 2192 1437 2271 XXX,
1464 2191 1484 2250 2

284 2301 448 2385 „Legatos
470 2301 698 2384 Carthaginem
719 2303 757 2364 L.
780 2303 954 2383 Baebium,
987 2301 1025 2361 L.
1050 2302 1217 2384 Sergium,
1247 2301 1286 2360 L.
1307 2301 1442 2362 llabium
1465 2319 1500 2359 e*

283 2411 399 2490 templo
422 2407 543 2472 misit.“
577 2414 705 2494 XXXI,
727 2412 764 2474 2:
785 2413 938 2492 „interim
960 2410 1001 2473 ad
1016 2411 1234 2474 Ptolemaeum
1255 2410 1400 2493 Aegypti
1415 2430 1492 2491 rege

285 2519 379 2601 legati
402 2528 468 2579 tres
491 2517 614 2583 missi.“
656 2523 768 2602 XLll,
798 2502 859 2585 353ι
891 2525 954 2604 „ln
977 2523 1106 2585 Cretam
1127 2527 1221 2584 item
1245 2524 1371 2605 legatos
1393 2521 1488 2582 tresi

283 2620 438 2705 placuit.“
488 2618 596 2702 xnn,
627 2630 684 2692 45³
724 2628 827 2710 „Inde
857 2630 974 2710 legatio
1003 2631 1062 2690 sub
1092 2622 1173 2690 idem
1204 2637 1330 2708 tempus
1356 2631 1390 2688 iu
1413 2629 1491 2688 Asia

284 2715 400 2796 circum
422 2732 540 2796 insulas
562 2741 678 2815 missa,
716 2746 783 2797 tres
816 2746 905 2798 erant
925 2736 1058 2817 legati.“
1100 2737 1226 2814 XLlll,
1253 2736 1288 2798 1:
1317 2735 1488 2814 „Decernu

286 2844 486 2923 frequenteS,
517 2849 551 2902 ut
580 2842 618 2905 C.
641 2843 803 2922 Sulpicius
825 2852 951 2923 praetor
975 2855 1041 2904 tres
1064 2862 1104 2904 ex
1129 2852 1243 2903 senatu
1267 2842 1406 2903 nominet
1430 2843 1493 2924 leg

285 2949 368 3014 tos.‘·‘
412 2951 539 3028 XLlV‚
564 2949 611 3012 18.
634 2952 672 3012 L.
696 2955 822 3032 epitom.
866 2953 1023 3014 luterdunr
1046 2973 1123 3016 vero
1146 2953 1219 3015 duo
1239 2953 1463 3036 mittebantur,

286 3059 375 3134 XXl,
395 3059 424 3118 a
468 3060 644 3133 (Homerus
666 3079 792 3141 quoque
814 3061 938 3124 duobus
958 3063 1167 3142 praeconibus
1190 3061 1316 3144 utitdr),
1340 3063 1423 3125 alias
1447 3085 1485 3125 un

287 3171 357 3228 sine
379 3166 474 3228 dubio
496 3168 548 3227 vel
573 3168 679 3247 plures
701 3172 806 3234 etiam.
855 3170 959 3232 Varro
991 3169 1031 3230 de
1059 3172 1126 3231 vita
1153 3172 1189 3233 Ρ.
1223 3171 1262 3233 R.
1282 3172 1337 3235 lll.
1359 3143 1474 3254 fragm.

286 3276 357 3341 246.
390 3282 537 3356 quattuor
566 3285 737 3338 memorat:
780 3264 956 3360 „Fetiales
991 3282 1116 3363 legatos
1155 3285 1322 3364 repetitum
1358 3283 1500 3344 mitteba

288 3393 444 3466 quattuor,
466 3399 546 3463 quos
568 3392 758 3446 oratores
780 3384 973 3449 vocabant.“
1007 3390 1181 3450 Numerum
1204 3410 1294 3472 vero,
1315 3392 1367 3471 qui
1380 3393 1493 3475 Vergil

278 3487 596 3573 ¹placuitsuusquam
619 3493 746 3553 invenio
775 3493 959 3588 adhibitpm.
1010 3499 1054 3558 At
1083 3514 1123 3558 ue
1158 3498 1385 3559 obliviscamur
1416 3503 1499 3580 poes'

284 3591 434 3662 [Maronis
457 3615 532 3658 esse
564 3616 633 3658 eam
661 3599 807 3682 quidem,
842 3622 924 3683 quae
953 3624 1056 3666 return
1079 3615 1241 3688 gestarum
1262 3607 1497 3671 fundamento

289 3713 511 3785 superstructa
531 3705 634 3786 adque
655 3705 694 3766 ad
718 3724 824 3767 earum
846 3708 959 3770 faeiem
981 3709 1185 3794 effigiemque
1203 3716 1298 3795 quasi
1319 3715 1477 3779 delineata

290 3812 484 3889 adumbrata,
505 3812 564 3874 sed
587 3813 696 3895 poesin
719 3826 836 3898 tamen,
859 3837 920 3879 non
943 3821 1115 3884 historiam.
1157 3823 1289 3884 Poetam
1318 3824 1415 3906 igitur
1443 3828 1496 3887 arb

291 3922 366 3980 trari
387 3921 458 4000 quis
480 3921 603 4002 possit,
626 3920 679 3982 vel
701 3919 741 3982 ad
763 3932 888 3985 centum
910 3925 1036 3989 Romuli
1057 3940 1224 3992 senatores
1246 3935 1449 4013 respexisse,
1478 3955 1497 3993 v

289 4025 463 4104 legatorum
485 4027 610 4094 solitum
631 4046 793 4089 numerum
813 4031 857 4092 ita
878 4033 909 4093 in
931 4039 1034 4096 maius
1054 4039 1195 4120 auxisse,
1227 4049 1263 4100 ut
1284 4059 1394 4103 verum
1415 4063 1500 4104 num

294 4150 360 4190 rum
384 4131 413 4191 iu
436 4151 473 4194 se
494 4135 727 4214 multiplicaret,
765 4157 875 4200 verum
902 4150 1007 4203 autem
1040 4144 1151 4208 decem
1181 4146 1470 4234 fuisse,1insignes

291 4246 445 4298 testantur
466 4238 550 4299 Livii
570 4241 808 4324 lociXXXlll,
828 4243 883 4306 24:
906 4247 1050 4321 „Decem
1071 4251 1170 4332 legati
1192 4271 1298 4314 more
1319 4255 1475 4317 maioru

291 4362 422 4424 quorum
446 4363 487 4405 ex
509 4347 637 4407 oonsilio
655 4349 691 4408 Τ.
712 4346 880 4426 Quinctius
897 4352 1066 4432 imperator
1082 4357 1175 4438 leges
1191 4361 1281 4440 pacis
1301 4353 1448 4444 Philippo
1468 4362 1495 4423 d

266 4509 267 4512 ,
292 4459 350 4532 ret,
374 4449 522 4511 decreti.“
565 4451 635 4530 (cf.
658 4455 1113 4539 xxxt11,3o.31.34.39.)
1137 4467 1317 4544 XXXVll‚
1336 4468 1396 4531 55ε
1418 4471 1493 4552 „Qu

293 4558 353 4618 bus
376 4559 521 4619 omnibus
545 4559 651 4623 datum
675 4571 725 4624 est
745 4584 951 4650 responsum,
987 4568 1099 4634 decem
1127 4577 1252 4655 legatos
1281 4597 1388 4640 more
1409 4585 1497 4642 mai

293 4684 375 4725 rum
408 4675 553 4729 senatum
582 4669 748 4732 missurum
772 4673 812 4735 ad
835 4695 888 4736 res
911 4679 1009 4740 Asiae
1030 4679 1254 4764 disceptandas
1275 4691 1499 4770 compoueud
