3000 5184
112 157 122 170 ⁷
204 203 268 270 m
571 201 630 265 uo
661 199 838 266 aedibus
876 199 1075 265 Romanis.
1133 228 1137 240 ·

208 388 295 466 Loco
308 385 449 446 ianitoris
469 402 566 466 voro,
587 385 678 449 cuins
699 392 814 466 postea
833 384 950 448 mentio
971 385 1102 467 amplior
1123 387 1184 446 orit
1204 383 1391 458 inliciende,
1422 386 1455 449 in
1483 369 1484 450 ἶ

192 491 332 554 aedium
359 469 570 553 Romanarum
600 491 764 554 vestibulo
790 491 844 554 vel
872 487 961 554 curiis
993 489 1123 572 aderat,
1153 489 1208 550 vol
1231 489 1353 553 saltem
1388 489 1451 553 de·-
1483 567 1484 574 ἵ

206 603 320 682 pictus.
349 579 450 661 'Nota
480 607 531 661 est
562 619 582 662 o
609 600 761 662 Petronio
787 601 1044 681 Pompeiumque
1069 598 1248 660 lithostroto
1279 599 1453 679 inscriptio
1483 589 1484 654 l

123 791 127 799 1
207 710 339 773 cbvu.
361 708 546 786 CANEM,
569 707 683 789 quibus
703 707 916 789 fragmentum
938 706 1040 769 addas
1058 725 1083 768 e
1105 704 1260 768 Varronis
1280 705 1454 768 Eumenid.

206 838 237 899 p.
258 819 335 880 275:
380 816 494 896 »Quod
523 835 563 878 ea
594 815 645 879 die
678 835 750 879 mea
781 825 849 879 erat
881 816 1053 898 praebitio,
1095 816 1127 876 in
1154 815 1282 877 ianuam
1313 813 1452 878 CAVE.

207 927 378 991 comum.
405 924 532 986 inscribi
556 924 680 986 iubeo«
729 923 882 986 Evandro
912 923 1075 1007 Vergilius
1103 922 1211 985 tribuit
1234 923 1323 986 'duos
1352 939 1453 984 canos

209 1035 300 1115 Vlll,
324 1033 402 1096 461:

289 1166 440 1227 Necnon
460 1165 628 1240 otperuiua'
647 1163 794 1222 custodes
816 1161 924 1222 limine
945 1164 983 1222 cl
1005 1163 1069 1223 cllo

286 1274 489 1338 Procoeduut
504 1289 714 1348 gressumque
730 1288 828 1331 eones
852 1274 1042 1332 comitantur
1062 1269 1178 1332 erilem.

135 1447 138 1454 ·
206 1406 375 1470 vestibulo
396 1417 491 1488 poeta
513 1405 649 1466 tribuere
670 1404 799 1467 videtur
820 1423 952 1468 avorum
977 1405 1071 1467 etiam
1093 1405 1249 1485 imagines
1270 1403 1347 1482 Vll,
1373 1404 1451 1468 17⁷:
1483 1373 1484 1434 }

221 1534 229 1560 ⁸
289 1540 374 1617 Quin
394 1546 488 1602 etiam
509 1547 647 1600 celerum
667 1542 788 1619 effigies
809 1559 853 1600 ec
873 1540 983 1599 ordine
1008 1557 1137 1600 cccrum

288 1651 468 1730 Antiquae
488 1652 610 1723 ceedro,
633 1649 801 1727 Italusque
820 1653 973 1726 potorque
996 1644 1137 1734 Selinus

295 1762 455 1833 Vilieator,
480 1779 606 1821 curcum
625 1778 761 1820 serenus
779 1760 995 1835 oubimupr'ue
1012 1759 1142 1839 falcem,

182 1882 184 1887 ’
287 1867 512 1947 Saturnusque
531 1885 635 1926 renem
654 1867 791 1944 Iouique
811 1866 958 1945 bifrontis
978 1868 1093 1946 imago,

248 2041 253 2047 ,
294 1976 453 2037 Vestibulo
474 1977 650 2051 adolebant,
671 1975 788 2054 aliique
809 1976 846 2035 cl
868 1977 989 2052 origine
1010 1993 1112 2053 repes,

288 2082 472 2162 Martiaque
492 2083 529 2144 ol
547 2087 685 2160 putrium
703 2085 876 2161 pugnaudo
897 2084 1026 2143 volnera
1045 2085 1145 2159 paesi.
1208 2080 1211 2088 '

206 2214 381 2297 imagines,
403 2222 526 2275 statuas
549 2216 746 2295 praesertim,
769 2216 921 2277 interdum
946 2215 978 2278 in
998 2215 1157 2276 vestibulo
1180 2213 1282 2277 luisse
1304 2213 1451 2276 videmus
1483 2207 1484 2286 ἒ

207 2323 326 2386 cPlin.
349 2323 455 2385 N..H.
475 2323 650 2404 xxxiv,
686 2321 741 2384 13:
773 2321 916 2385 oAnnius
943 2323 1098 2405 Fetialis,
1135 2329 1333 2402 equestrem,
1368 2341 1449 2406 quae
1483 2299 1484 2382 i

207 2431 302 2492 fuerit
325 2439 435 2492 contra
464 2430 551 2490 lovis
585 2419 724 2496 Statoris
753 2428 865 2493 cedem
892 2431 923 2490 io
957 2430 1117 2492 vestibulo
1152 2428 1286 2509 Superbi
1323 2429 1446 2506 domus,

206 2535 358 2598 Valeriae
379 2536 481 2599 fuisse
501 2537 680 2600 Publicolae
702 2538 841 2600 consulis
861 2537 974 2601 flliaeu
1017 2540 1160 2602 luvenal.
1182 2539 1258 2622 Vll,
1287 2539 1363 2603 1252
1461 2565 1484 2594 -

369 2670 473 2730 Huius
495 2670 577 2732 enim
601 2669 760 2751 [Aemilii]
785 2679 849 2733 stat
872 2689 982 2732 currus
1005 2689 1139 2751 aeneus,
1162 2671 1216 2732 alti
1483 2675 1484 2754 i

288 2775 501 2859 Quadriiuges
516 2779 552 2860 in
574 2778 753 2852 vestibulis,
779 2787 875 2860 atque
898 2778 966 2858 ipse
987 2776 1085 2840 feroci

287 2887 445 2948 Bellatore
467 2884 586 2948 sedens
608 2894 774 2949 curvatum
798 2887 912 2948 hastile
933 2885 1078 2948 minatur.

208 3017 340 3080 Sueton.
361 3019 458 3080 Nero.
480 3018 536 3082 31:
567 3019 788 3081 „Vestibulum
816 3023 886 3081 eius
910 3017 1044 3098 [aureae
1065 3016 1188 3093 domus]
1212 3017 1291 3098 fuit,
1326 3019 1359 3080 in
1388 3035 1446 3109 quo
1483 3085 1484 3106 ,

206 3131 356 3191 colossus
385 3138 512 3191 centurn
540 3131 653 3212 viginti
681 3129 795 3211 pedum
824 3135 923 3190 staret
955 3131 1058 3210 ipsius
1088 3128 1226 3210 effigiem
1286 3126 1354 3189 Sed
1387 3125 1444 3186 hae
1483 3109 1484 3186 ?

206 3238 317 3318 partim
340 3246 514 3299 nouerant
534 3257 666 3300 avorum
688 3237 862 3317 imagines,
891 3237 1003 3317 partim
1032 3245 1156 3312 statuae
1185 3235 1339 3310 maiores,
1369 3251 1445 3314 quae
1483 3269 1484 3330 p

207 3345 330 3405 nonnisi
352 3345 382 3405 in
404 3345 528 3425 magnis
548 3345 714 3406 vestibulis
736 3345 754 3404 i.
777 3364 806 3404 e.
828 3348 913 3405 areis
936 3345 1008 3425 porii
1031 3351 1209 3425 potuerunt.
1252 3341 1348 3420 Quae
1370 3359 1442 3402 vero
1483 3331 1484 3412 ἶ

205 3453 288 3536 apud
306 3453 482 3536 Vergilium
503 3455 698 3515 nominantur
721 3451 857 3534 efligies,
878 3453 1014 3514 minores
1036 3452 1138 3513 luisse
1160 3449 1318 3534 videntur,
1344 3467 1441 3531 neque
1483 3487 1484 3544 3

205 3562 236 3622 in
257 3561 416 3622 vestibulo
438 3561 576 3645 stabant,
598 3560 657 3622 sed
677 3561 836 3623 vestibulo
859 3559 1036 3621 adstabant
1057 3560 1075 3622 i.
1098 3577 1124 3620 e.
1140 3558 1178 3618 'in
1198 3578 1236 3620 ea
1258 3567 1348 3650 parte
1370 3557 1444 3630 atrii,
1483 3581 1484 3600 1

208 3686 290 3748 quae
321 3670 508 3731 vestibulum
538 3645 719 3752 attingeret.
763 3668 920 3730 Audimus
949 3671 1030 3729 enim
1062 3667 1128 3728 168.
1172 3667 1322 3728 Latinum
1347 3667 1443 3745 impe·
1483 3677 1484 3684 ’

206 3792 313 3850 resse,
340 3786 376 3836 ut
398 3778 528 3838 Aeneas
549 3780 635 3837 iutro
662 3783 743 3837 teoto
772 3784 956 3848 vocaretur,
992 3773 1042 3835 ubi
1063 3775 1140 3834 eollo
1154 3775 1283 3833 medius
1306 3770 1443 3832 consedit
1483 3777 1484 3858 ,

174 3955 176 3959 Ι
205 3885 298 3944 ovito.
340 3881 434 3960 Quod
456 3885 570 3945 solium
594 3902 792 3965 nequaquam
815 3885 937 3962 inipso
961 3882 1137 3962 vestibulo,
1159 3892 1194 3943 ut
1217 3858 1303 3960 apud
1323 3879 1441 3940 Home-

206 4007 272 4048 rum
294 3978 383 4070 ἱερὸς
402 3979 516 4064 κύκλος
537 4002 611 4053 aute
631 3991 768 4072 ianuam,
797 3988 855 4070 sed
877 3991 907 4051 in
920 3991 1022 4052 'tectis
1043 3989 1061 4050 i.
1084 4008 1111 4051 e.
1132 3991 1215 4051 atrio
1235 3989 1338 4049 luisse
1360 3994 1440 4048 certo
1483 3983 1484 3986 ’

206 4093 364 4158 adfirmari
385 4110 501 4181 potest
553 4101 720 4182 Vergilius
741 4100 847 4182 igitur,
870 4118 964 4180 quum
986 4103 1016 4162 in
1038 4101 1117 4162 atrio
1139 4119 1270 4161 avorum
1291 4100 1438 4180 imagines
1483 4073 1484 4086 ἵ

206 4206 353 4290 collocet,
377 4228 496 4270 morem
519 4209 661 4273 servavit
684 4211 767 4270 omni
788 4211 973 4292 antiquitate
996 4212 1139 4274 Romana
1161 4185 1328 4273 sancitum.
1366 4204 1437 4270 nudi
1483 4217 1484 4282 ᾗ

206 4316 286 4377 Plin.
307 4317 349 4377 N.
371 4317 412 4377 ll.
436 4316 587 4394 XXXV,
613 4319 650 4380 2:
674 4319 795 4379 ”Aliter
817 4318 897 4401 apud
921 4321 1056 4382 maiores
1078 4322 1110 4382 in
1132 4321 1219 4382 atriis
1242 4317 1325 4381 baec
1348 4321 1438 4390 erant,

205 4441 287 4507 quae
307 4435 545 4507 spectarentur,
576 4445 638 4487 non
657 4427 751 4508 signa
773 4436 974 4492 externorum
998 4428 1171 4503 artificum,
1207 4446 1267 4488 nec
1296 4445 1373 4487 aera
1391 4428 1437 4485 aut
1483 4421 1484 4504 i

206 4552 376 4607 marmora,
410 4535 556 4613 expressi
591 4551 665 4596 cera
695 4535 803 4596 vultus
833 4537 966 4617 singulis
998 4533 1244 4617 disponebantur
1276 4533 1436 4596 armonica
1483 4509 1484 4556 ¹

1483 4651 1484 4682 i

211 4642 306 4706 orio.
328 4643 417 4703 Fosi.
441 4641 466 4717 l,
486 4641 564 4702 cul:

290 4738 428 4855 Perlege
450 4771 623 4853 dispositas
644 4784 802 4856 generosa
823 4797 879 4858 por
901 4741 980 4840 atria
1001 4796 1101 4842 ceras.
