3000 5184
426 221 483 282 lle
504 228 655 302 patera.
696 220 931 300 Dolorque.
1253 215 1292 279 ro

37 412 330 490 argenteorum
357 401 464 484 pondo
491 397 756 485 quinquaginta.“
803 400 932 485 Regulo
959 414 1084 483 quoqne
1115 397 1293 478 Gallorum,
1380 480 1383 488 Ι

37 519 165 580 Baiano
177 509 301 594 XLIV,
316 513 366 577 14.
375 524 503 593 praeter
520 509 595 593 alio,
616 528 700 592 quae
712 518 828 592 postea
844 509 1172 588 commemorabimus,
1193 524 1296 589 equus

38 623 230 707 phaleratus
262 626 296 682 ut
327 636 437 682 arma
465 603 675 701 equestria
707 619 806 683 missa
835 629 919 683 emit
975 617 1067 682 naue
1098 619 1223 699 xun,
1255 619 1293 683 oz

40 735 212 816 „Murrora
232 725 314 790 mitri
335 727 455 809 legatis
482 745 524 790 ax
551 723 633 788 binis
662 727 788 789 milibus
813 729 898 792 aeris
924 736 1134 806 censueramu-
1152 729 1294 793 'numm

37 841 194 904 fratribus
218 833 334 921 regulis
354 837 435 901 liaeo
456 835 636 920 praecipua,
656 842 788 920 torques
810 838 874 902 tino
890 839 935 901 ex
954 841 1091 922 quinque
1103 839 1209 920 pondo
1225 842 1295 903 auri

39 955 120 1017 iacti
151 963 185 1015 ot
212 967 317 1015 vasa
344 958 544 1034 argentea
570 955 709 1032 quinqua
737 969 779 1012 ex
799 951 912 1034 viginti
933 949 1038 1033 ponto
1059 953 1093 1014 et
1113 950 1176 1013 aluo
1197 954 1293 1030 equi

40 1063 201 1143 phalerati
232 1079 304 1125 oum
333 1059 528 1144 agasonibus
556 1073 589 1122 aa
614 1063 827 1146 equestria
855 1079 962 1124 arma
983 1078 1024 1125 ae
1044 1060 1160 1144 sagula
1179 1065 1213 1122 et
1234 1075 1295 1121 oo-

42 1171 177 1236 muibns
199 1188 311 1234 eorum
333 1173 528 1232 vestimenta
547 1169 656 1232 liberis
685 1166 896 1251 servisque.“
931 1167 1084 1232 Ceterum
1105 1169 1201 1232 οΙΙιιιι
1219 1152 1295 1230 Αιιὲ

42 1280 158 1344 chisae
179 1279 325 1341 Helenus
347 1281 427 1340 Aen.
451 1279 506 1354 ΙΙΙ,
531 1275 611 1340 47οε
645 1277 746 1340 Amat
765 1297 871 1358 equos.

625 1491 660 1582 q.
680 1498 710 1559 e.

551 1630 610 1684 lle
636 1631 793 1698 patera.

130 1801 159 1862 ΙΙ
181 1798 324 1880 reliquiis
347 1797 465 1861 'l'roiae
486 1805 634 1880 exustae,
664 1814 746 1880 quae
767 1799 808 1860 ab
828 1799 948 1861 llianao
969 1797 1099 1858 iubente
1119 1798 1232 1859 Aenea
1251 1794 1294 1860 ad

46 1927 161 1991 regern
184 1907 332 1970 ΙιιιΙιιιιιιι
352 1915 570 1990 apportantur,
595 1925 691 1970 unum
721 1916 791 1972 orat
812 1907 939 1988 donum,
967 1905 1052 1987 qiua
1077 1923 1294 2041 mxuumna

48 2016 138 2077 initio
161 2015 311 2098 muabar,
334 2016 410 2096 Vll,
431 2015 511 2092 245:

133 2126 205 2186 Hoc
224 2131 318 2203 poter
338 2125 502 2186 Aoolrieea
526 2145 605 2187 auro
626 2125 744 2186 libabat
762 2125 807 2184 ort
823 2144 911 2187 arao.

48 2234 174 2295 Aurum
205 2231 306 2316 onim,
336 2250 399 2314 quo
420 2232 545 2317 libatur,
567 2241 711 2313 pateram
730 2229 815 2294 'esse
838 2251 968 2295 auream
995 2242 1028 2295 et
1055 2252 1113 2314 per
1138 2238 1295 2312 supetat,

49 2351 83 2402 et
104 2360 124 2401 e
146 2337 270 2422 Georg.
292 2341 334 2419 ΙΙ,
360 2340 437 2404 192:

448 2451 576 2513 Paleris
596 2437 732 2514 libamus
749 2461 783 2515 et
801 2472 889 2515 aura.

51 2555 192 2620 Servius
221 2575 348 2643 quoque
379 2554 420 2620 ed
447 2565 598 2624 nostrum
620 2560 737 2622 laeum:
782 2560 952 2622 al'ateram
980 2555 1170 2642 signatiora«
1221 2559 1295 2622 Ve-

50 2684 117 2730 rum
140 2666 288 2730 altiorem
308 2667 475 2734 inhaerere
495 2667 573 2744 vim,
594 2675 709 2750 poetae
731 2667 893 2751 ingenium
914 2673 1060 2732 testatur.
1084 2664 1192 2746 Quum
1211 2665 1309 2738 enim,

51 2775 142 2857 regia
169 2783 316 2855 potestas
349 2794 486 2840 esensu
517 2774 663 2840 Romano
685 2795 747 2837 nou
776 2777 845 2837 iure
868 2775 972 2838 solinu
994 2772 1143 2857 meando,
1164 2773 1296 2840 ciuitate

51 2881 327 2972 administranda,
352 2905 463 2952 verum
485 2892 581 2952 ettam
613 2884 779 2950 sacrifieiis
798 2883 858 2954 rite
878 2882 1004 2947 litandis
1024 2890 1165 2965 constet,
1186 2889 1297 2966 patera

51 3009 148 3056 aurea
177 2995 310 3076 regibus
336 2995 444 3064 oblata
467 2994 630 3080 pontificia
661 2992 803 3076 dignitas
825 2990 990 3057 indicatur.
1043 2990 1147 3054 Huius
1168 3008 1297 3074 quoque

53 3105 195 3164 muneris
215 3109 268 3165 sat
290 3103 424 3184 praebet
443 3103 812 3186 exemplaRomanorum
834 3101 968 3166 historia
987 3100 1295 3184 v.g,Liv.XXVll,

52 3208 87 3272 4:
121 3208 260 3292 [Legati
282 3211 325 3272 ad
352 3212 539 3296 Syphacem
558 3212 669 3296 russii
696 3212 801 3280 sidona
832 3215 935 3280 tulere
963 3225 1072 3300 togam
1100 3224 1133 3280 et
1159 3215 1297 3281 tuniou

53 3335 262 3403 purpuream,
294 3321 407 3388 sellam
436 3322 621 3408 eburneam,
646 3331 828 3404 pateram
861 3344 906 3390 ex
937 3324 1073 3406 quinque
1097 3324 1202 3408 pondo
1226 3321 1298 3388 auri

54 3425 183 3494 tactam.
241 3427 388 3496 Protinus
415 3439 449 3498 et
474 3430 553 3499 elios
574 3433 707 3499 Africae
737 3435 871 3518 ungulos
890 3433 972 3498 iussi
991 3433 1083 3499 adira
1096 3432 1136 3499 iis
1158 3449 1296 3514 quoque,

54 3552 138 3616 quae
160 3535 322 3616 darentur,
339 3545 477 3624 portata,
502 3548 599 3628 togae
615 3548 804 3616 praetextae
826 3548 861 3603 ot
881 3547 972 3606 terna
993 3540 1099 3622 pondo
1120 3531 1297 3622 paterae

53 3664 239 3710 aureaea
281 3645 404 3728 XLIV,
429 3646 482 3712 14:
506 3649 610 3713 »Dum
631 3647 749 3730 bellum
775 3648 809 3710 in
829 3647 1021 3714 Macedonia
1047 3649 1176 3728 gataur,
1197 3639 1298 3728 legati

54 3751 254 3834 Transalpini
276 3752 319 3816 ab
339 3753 453 3838 rogulo
482 3751 645 3822 Gallorum
661 3786 701 3800 -
714 3753 856 3818 llalauos
883 3753 984 3837 ipsius
1010 3751 1142 3818 traditur
1168 3770 1296 3833 nomeu,

53 3860 172 3944 gentis,
205 3879 247 3923 ex
276 3879 340 3941 qua
360 3861 467 3943 fuerit,
489 3881 552 3928 uon
573 3861 710 3928 traditor
732 3852 773 3909 4-
793 3862 931 3929 nomam
950 3867 1124 3944 venerunt,
1140 3860 1296 3945 pollinem

54 3986 104 4040 tes
124 3975 167 4038 ad
188 3973 434 4038 Macedonianum
452 3975 569 4039 bellum
592 3975 718 4040 auxilia
759 3969 895 4036 Gratiae
913 3971 952 4035 ab
973 3976 1090 4032 souma
1110 3975 1203 4032 aaran
1222 3987 1297 4034 mu-

57 4103 195 4170 nereque
232 4081 333 4148 missa
357 4080 477 4163 torquis
507 4098 624 4146 aureus
656 4080 718 4144 dno
748 4078 854 4162 pondo
883 4085 917 4140 ot
944 4081 1121 4158 paterae
1145 4092 1297 4140 aureae

57 4205 205 4280 quattuor
226 4193 342 4278 ponda,
363 4210 466 4276 equus
486 4191 671 4276 phaleratus
690 4208 840 4273 armaque
861 4187 1049 4271 equestrium

137 4684 256 4750 Didoni
276 4685 410 4768 reginae
431 4682 562 4746 Aeneas
575 4699 638 4746 uon
658 4678 774 4808 pallam
793 4676 896 4742 solam
916 4676 1026 4760 matta
1045 4671 1106 4736 aad
1123 4675 1297 4751 wopau,

63 4813 268 4876 eoronam,
241 4794 256 4854 Ι
287 4791 366 4857 654
