3000 5184
560 206 617 266 lle
653 205 825 268 aedibus
862 203 1065 270 Romanis.

423 387 576 452 Gutum!
594 390 722 467 persecet
739 393 899 465 ccnpucire
914 392 1058 469 [rutrum
1176 447 1177 459 ,
1239 401 1241 414 ·

279 497 471 578 eoumque
492 501 599 559 Menoe
620 503 651 559 et
671 499 779 559 dulcio
800 498 913 559 lautino
931 505 1065 562 mutant.

95 634 109 693 χ
198 601 309 686 nerag.
331 587 419 680 vur,
442 605 504 668 oa:
526 674 529 677 ,
563 652 566 657 ,
1048 597 1050 600 ’

278 712 422 787 Pipnoro
442 734 518 774 ecre
538 717 601 786 aui,
627 732 709 793 quoe
728 730 892 788 nanceyo
913 713 1021 772 limine
1039 715 1074 771 iu
1095 715 1175 789 ipso,

286 821 394 898 Terra,
418 827 619 884 teutmundo.
1207 883 1209 888 .

198 926 251 990 lix
273 927 336 990 hoc
356 948 453 991 sensu
477 930 664 1012 explicanda
683 930 885 992 advenientis
903 921 1035 990 Aeneae
1057 928 1174 990 laetitia
1198 929 1254 1007 ΙΙΙ,
1276 929 1361 994 3503

280 1037 438 1114 Perpomc
456 1046 488 1098 et
509 1046 648 1100 arentem
669 1040 799 1101 Xanthi
818 1039 1000 1114 copuumirce
1021 1038 1119 1096 rivom

279 1145 446 1220 Adquosco
467 1147 650 1226 Scaeaeque
669 1147 842 1224 amplector
862 1147 972 1208 limina
989 1153 1122 1225 hortae:

198 1273 425 1339 discedentium
447 1281 608 1342 mulierum
630 1279 814 1341 lamentatio
835 1281 877 1353 ΙΙ,
898 1277 978 1343 4903

277 1413 517 1492 Ampleeneque
538 1417 647 1472 teuent
662 1417 765 1488 postia
786 1413 887 1490 adque
908 1412 1020 1472 oscula
1037 1417 1150 1492 fipuut.

196 1519 319 1582 Limina
337 1541 414 1582 vero
441 1523 509 1600 ipsa
537 1529 711 1601 postesque
732 1542 808 1585 aere
831 1523 998 1586 coniectae
1021 1526 1073 1587 vel
1103 1527 1265 1607 vestitae,
1291 1525 1444 1589 cardines

195 1630 255 1711 ipsi
276 1631 404 1711 saepius
426 1628 515 1701 aerei
538 1638 637 1692 erant.
691 1629 849 1691 »Cautum
884 1631 967 1692 euim
998 1629 1121 1708 iuerat,
1153 1633 1197 1694 ait
1231 1635 1373 1696 Servius
1404 1631 1443 1696 ad

197 1738 278 1802 Aen.
299 1740 324 1814 Ι,
346 1738 428 1815 449,
450 1744 523 1818 post
545 1734 698 1816 proditum
722 1735 866 1797 hostibus
888 1756 907 1798 a
929 1735 1064 1818 'l'arpeia
1093 1740 1219 1824 virgine
1237 1741 1444 1824 Capitolium,

197 1855 230 1908 ut
251 1848 335 1908 aerei
357 1848 502 1908 cardines
525 1846 648 1925 flerent,
672 1863 803 1925 quorum
827 1843 943 1906 stridor
965 1857 1076 1925 posset
1095 1856 1208 1927 aperta
1229 1852 1311 1912 ostia
1334 1849 1444 1912 omni-

195 1954 256 2017 hus
276 1953 444 2016 indicaret
490 1953 687 2035 Quapropter
714 1972 777 2014 non
807 1954 876 2013 sine
902 1964 1053 2035 respectu
1082 1953 1123 2018 ad
1153 1955 1346 2040 Capitolium
1370 1961 1443 2023 lto-

198 2083 322 2126 manum
355 2061 394 2123 de
422 2061 473 2124 illo
504 2062 706 2143 Carthaginis
735 2063 892 2144 Capitolio
915 2097 955 2108 -
985 2064 1037 2126 hic
1060 2068 1143 2126 enim
1166 2084 1293 2148 quoque
1317 2087 1367 2130 ca
1377 2077 1444 2150 put

198 2169 351 2232 effossum
373 2169 472 2230 luisse
492 2178 595 2231 narrat
618 2173 643 2246 l,
664 2171 733 2232 444.
756 2205 795 2217 -
819 2181 849 2233 et
871 2173 998 2234 lunonis
1021 2173 1138 2256 templo
1158 2177 1322 2257 praedicat
1344 2180 1425 2245 4483

279 2278 384 2339 Aerec
404 2284 457 2338 cui
473 2280 627 2355 prodibat
647 2281 822 2356 carpebant
842 2281 951 2342 limina
972 2263 1139 2362 uenaeque

279 2387 364 2448 Aere
386 2390 501 2468 trahea,
519 2390 645 2469 foribus
666 2391 762 2449 caedo
777 2389 936 2452 'stridebat
956 2396 1054 2452 acuis.

198 2520 289 2599 Quod
312 2523 459 2601 quamvis
483 2518 596 2599 publici
617 2521 661 2585 sit
680 2518 832 2598 aedilicii,
864 2519 916 2582 hic
935 2527 1040 2582 tamen
1062 2521 1181 2584 addere
1209 2524 1342 2588 iuvabit.
1394 2526 1442 2590 Ad
1481 2579 1482 2588 ,

195 2631 296 2712 ipsam
319 2629 403 2688 illam
424 2627 587 2687 historiam
610 2627 794 2706 respexisse
815 2626 942 2688 videtur
964 2627 1029 2691 Cir.
1052 2627 1135 2693 220:

278 2764 420 2840 Carpere
439 2767 542 2824 sensit
559 2780 660 2845 crtus3
693 2768 831 2824 sonitum
851 2782 925 2824 uam
941 2767 1066 2842 fecerat
1085 2767 1135 2828 illi

278 2872 459 2935 Marmoreo
480 2878 617 2932 ceretuc'
629 2872 768 2932 stridens
788 2875 823 2932 iu
845 2872 951 2932 limine
973 2875 1077 2934 cordo.

199 2981 345 3062 Pyrrhus
366 2979 492 3042 aedium
513 2978 628 3040 Priami
651 2979 691 3058 ΙΙ,
714 2977 795 3042 4803

203 3131 207 3135 ι
276 3088 406 3149 Limine
423 3091 602 3166 perrumpit
616 3092 780 3166 postesque
801 3107 822 3146 a
843 3088 973 3150 cardine
994 3088 1081 3149 oelh't

278 3196 465 3258 Aeratos.

194 3308 316 3370 Similia
337 3314 443 3368 narrat
463 3304 584 3366 Plinius
606 3305 649 3366 N.
673 3295 722 3364 Η.
736 3305 900 3378 XXXIV,
923 3307 957 3367 7:
988 3307 1113 3378 uPrisci
1140 3307 1247 3368 limina
1275 3308 1373 3372 etiam
1402 3326 1437 3370 ac

192 3416 308 3479 valvas
336 3433 377 3474 ex
404 3429 480 3475 aere
510 3415 542 3472 in
574 3411 701 3492 templis
734 3410 982 3472 factitavere-
1004 3445 1045 3456 --
1067 3412 1152 3491 Quin
1186 3413 1280 3474 etiam
1317 3415 1439 3494 privata

194 3525 352 3608 opulentia
375 3542 413 3585 eo
435 3521 528 3583 modo
550 3529 703 3600 usurpata
723 3527 783 3584 est.
827 3519 960 3580 Camillo
988 3518 1068 3581 inter
1090 3520 1220 3583 crimina
1242 3523 1361 3586 obiecit
1382 3526 1434 3605 Sp.

193 3632 355 3697 Carvilius
375 3643 549 3714 quaestor,
586 3629 670 3714 quod
695 3638 807 3694 aerata
832 3630 915 3692 ostia
942 3629 1076 3692 haberat
1104 3629 1137 3692 in
1167 3627 1292 3696 domoc
1336 3633 1433 3694 lmmo

193 3744 289 3807 etiam
309 3743 385 3822 vll,
405 3742 483 3802 622:

276 3850 359 3912 Belli
376 3853 560 3928 serratos
581 3852 700 3926 rumpit
720 3846 878 3910 Saturnia
895 3851 1007 3926 posta.

192 3956 255 4022 Cui
277 3959 434 4020 consentit
457 3958 483 4039 Ι,
506 3955 586 4020 2933

525 4069 625 4126 Dirce
643 4068 754 4140 ferro
776 4071 808 4124 et
828 4065 1031 4142 compartibus
1053 4069 1134 4125 artic

272 4173 469 4237 Cluudentur
490 4175 577 4236 Belli
593 4181 713 4252 portae.

184 4309 337 4374 Ceterum
358 4308 505 4370 cardines
527 4309 612 4369 aerei
633 4328 695 4370 non
721 4327 779 4387 eo,
803 4324 864 4389 quo
885 4316 1064 4372 nostrarum
1086 4309 1218 4389 forium,
1244 4301 1435 4372 madefacti

186 4423 294 4488 erant,
324 4435 385 4476 non
413 4415 445 4476 in
469 4415 615 4497 postibus
640 4413 700 4476 sed
725 4415 848 4496 inipso
876 4416 983 4476 limine
1005 4422 1038 4476 et
1060 4414 1147 4476 trabe
1169 4412 1303 4476 immissi
1324 4412 1434 4474 haere-

190 4523 277 4598 bant,
298 4522 336 4582 iis
355 4522 486 4600 similes,
508 4541 588 4602 qnos
610 4532 770 4586 nostrates
793 4525 868 4586 altis
887 4524 990 4586 adhuc
1011 4525 1109 4606 portis
1132 4521 1275 4606 infigunt.
1315 4522 1433 4586 'Pelium

189 4630 353 4712 Pompeiis
368 4617 609 4706 ¹Herculanique
631 4638 758 4708 reperta
778 4639 852 4692 sunt
874 4633 1030 4712 exempla,
1051 4630 1133 4708 tales
1154 4633 1259 4690 animo
1274 4627 1335 4690 sihi
1350 4626 1434 4689 linxit

193 4749 289 4820 poeta
310 4739 352 4812 ΙΙ,
371 4735 445 4802 480.
468 4733 539 4795 493.
580 4737 638 4817 ΙΙΙ,
660 4736 732 4797 448.
775 4738 833 4819 vl,
856 4737 928 4799 573.
972 4739 1143 4821 v11,621.
1187 4737 1246 4820 IX,
1267 4735 1340 4800 724
