3000 5184
568 214 623 277 Ile
647 223 794 279 corona
819 227 1080 301 sceptroque.
1256 191 1260 208 ⁸

1496 328 1497 399 l

1496 402 1497 437 l

670 473 675 480 .
729 401 1042 484 colloquoraoor‘le

291 490 457 550 Boeotum.

210 591 305 678 Quod
334 595 479 679 quamvis
505 611 583 657 sane
617 593 720 674 possit
746 610 862 656 revera
885 607 961 654 esse
982 592 1025 654 nil
1045 591 1108 652 nisi
1129 599 1261 655 ornatus
1281 593 1451 676 femineus,

209 708 310 791 qualis
342 726 375 766 v.
403 723 436 786 g.
462 703 498 764 in
528 699 644 764 tabulis
675 698 878 792 Pompeianis
909 698 1044 762 inveniri
1065 697 1162 780 solet,
1192 705 1335 762 attamen
1359 718 1455 781 quum
1496 736 1497 781 ᾗ

210 809 497 892 oetera'tanlopere
515 825 586 871 oum
606 808 657 890 iio,
680 825 764 888 quae
783 804 868 888 apud
889 805 1018 868 Livium
1038 804 1215 887 frequentia
1237 807 1300 868 sint
1321 826 1456 870 munera

214 933 248 985 et
277 921 417 1004 insignia
438 909 579 1003 regalia,
609 915 809 1000 conspirent,
840 916 953 997 nescio
981 933 1023 978 au
1050 913 1174 995 torquis
1203 913 1235 973 io
1265 914 1370 976 animo
1398 916 1454 977 lu·
1496 936 1497 1009 ζ

209 1037 269 1100 orit
290 1042 415 1117 poetae,
441 1051 534 1115 quem
556 1029 687 1114 regibus
709 1046 773 1090 non
791 1045 864 1089 raro
895 1034 1030 1088 senatus
1051 1031 1102 1085 est
1121 1023 1265 1106 largitus.
1309 1021 1362 1088 Cf.
1379 1023 1453 1084 Liv.

203 1138 333 1216 XMV,
355 1137 415 1220 14„
438 1135 488 1198 ubi
509 1136 578 1216 regi
600 1130 765 1196 Gallorum
787 1131 907 1194 Baiano
928 1133 1087 1211 torquis
1107 1146 1226 1191 aureos
1253 1126 1317 1191 duo
1337 1128 1456 1210 pondo,

212 1250 333 1326 XLIII,
355 1247 398 1329 ἃ,
420 1246 475 1309 ubi
497 1244 622 1322 duobus
642 1240 792 1305 fratribus
814 1240 932 1324 regulis
953 1248 1129 1320 torques
1152 1238 1225 1334 duo
1246 1255 1289 1298 ex
1311 1237 1454 1319 quinquo

211 1361 318 1446 pondo
340 1358 408 1422 auri
429 1357 505 1419 facti
525 1354 699 1417 mittuntur.
740 1350 863 1413 Verum
886 1367 982 1432 quum
1003 1348 1037 1409 hi
1058 1345 1143 1411 Galli
1169 1347 1243 1452 siut,
1265 1346 1350 1428 apud
1371 1364 1454 1429 quos
1496 1358 1497 1447 p

210 1468 336 1551 torquis
357 1467 510 1532 honorum
531 1463 658 1544 insigne
679 1459 812 1541 exstitit,
844 1454 1018 1521 oonieoeris
1039 1456 1178 1517 fortasse
1198 1473 1260 1516 non
1282 1456 1454 1536 immerito,

211 1576 306 1640 huius
337 1573 508 1658 praecipue
534 1570 641 1653 populi
666 1569 747 1632 huno
769 1585 843 1630 esse
871 1573 1025 1647 ornatum,
1054 1565 1163 1646 regiae
1192 1563 1290 1647 igitur
1311 1561 1453 1645 dignita·
1496 1574 1497 1637 l

211 1685 253 1750 tis
278 1685 395 1750 nullum
426 1683 542 1744 inesse·
555 1668 712 1742 indicium.
774 1678 927 1741 Attamen
955 1693 1051 1758 quom
1078 1673 1202 1736 medius
1231 1673 1313 1735 inter
1343 1682 1454 1736 cetera

175 1767 177 1774 ,
210 1791 295 1876 apud
315 1789 494 1876 Vergilium
515 1786 598 1849 dona
618 1786 709 1871 regia
729 1794 893 1867 appareat,
922 1783 1137 1848 Romanorum
1166 1799 1291 1862 quoque
1311 1780 1453 1862 ipsorum

214 1901 346 1965 militum
362 1898 460 1960 fuerit
479 1897 594 1978 honoS,
615 1896 658 1958 illi
679 1895 741 1956 iam
758 1893 961 1975 explicationi
982 1895 1130 1954 lectorem
1154 1909 1193 1952 se
1212 1891 1371 1971 ingratum
1394 1909 1476 1952 non.

208 2005 431 2088 praebiturum
455 2021 530 2067 esse
552 2003 706 2064 existimo.
1107 2018 1110 2022 ⁴

780 2250 812 2339 q.
838 2255 888 2315 ro

582 2413 640 2467 lle
660 2425 814 2468 wrona
832 2417 1087 2482 saepto-oque.

82 2629 86 2642 s
166 2578 171 2583 ’
295 2582 368 2645 Duo
389 2581 441 2646 hio
470 2583 690 2664 coniungimus
722 2565 870 2667 insignia,
899 2603 993 2667 quae,
1028 2585 1101 2665 quin
1132 2603 1244 2666 regom
1262 2584 1340 2665 sint,
1362 2601 1453 2645 nemo

212 2683 349 2773 unquam
365 2683 471 2757 'homo
500 2673 697 2759 dubitaverit.
749 2692 927 2757 Coniuncta
953 2704 1028 2757 sunt
1061 2695 1141 2756 inter
1168 2691 1251 2757 dona
1272 2692 1394 2755 Didoni
1415 2691 1452 2754 ab

213 2801 325 2865 Aenea
346 2800 531 2886 dispensata
552 2803 578 2885 1,
598 2802 679 2867 653:

266 2889 268 2896 Ι
287 2905 465 2973 ΔΡνιιείεενειι
484 2920 709 2989 sceptrum,
733 2914 835 2974 Ilione
855 2917 942 2993 quod
956 2908 1105 2992 perrorat
1122 2916 1207 2992 olan,

293 3017 455 3079 Macumc
475 3025 623 3080 notorum
639 3021 781 3106 Priami,
804 3021 947 3102 colloque
966 3024 1082 3084 monile
1271 3014 1274 3019 ’

173 3115 176 3118 ’
294 3127 453 3188 Boeotum
473 3131 505 3185 et
523 3124 679 3203 duplicem
695 3131 832 3203 pomaria
852 3148 993 3208 auroque
1015 3134 1209 3197 coronam.

210 3233 328 3296 Mirum
350 3235 420 3296 eine
441 3229 533 3292 dubio
556 3238 617 3311 est,
638 3231 736 3295 liliam
757 3239 846 3318 regis
862 3238 979 3300 Priami
997 3249 1159 3322 sceptrum
1181 3255 1322 3330 gestare.
1360 3250 1453 3332 Apud

212 3341 397 3426 IIomemm‚
419 3350 569 3424 quantuor
591 3343 678 3425 seio,
712 3342 830 3426 duplex
858 3356 919 3409 est
932 3351 1060 3444 sceptri¹
1075 3351 1177 3417 forma
1203 3372 1362 3439 osusque,
1394 3359 1454 3421 alia

211 3467 345 3536 regum,
372 3450 426 3530 qui
452 3446 651 3533 σκηπτοῦχοι
671 3453 889 3538 nominantur,
916 3458 1080 3523 hastamm
1101 3481 1165 3524 non
1192 3460 1373 3550 dissimilis,
1397 3467 1455 3531 alia

209 3563 422 3644 praeconum,
465 3577 558 3640 qoam
586 3559 719 3622 caducei
756 3580 832 3626 esse
859 3563 999 3629 indicant
1028 3569 1118 3648 ortis¹
1134 3580 1338 3635 monumenta
1366 3577 1455 3656 plora

211 3667 243 3729 iu
272 3667 439 3750 Inghirami
466 3667 600 3752 galletia
620 3669 768 3735 Omerita
789 3672 931 3758 depicta,
960 3678 1023 3739 nisi
1042 3679 1228 3759 posterioris
1249 3682 1365 3744 aetatis
1387 3703 1455 3748 moe
1496 3730 1497 3763 r

214 3771 390 3859 antiquitati
422 3776 517 3839 fuerit
556 3777 706 3842 intrusus.
762 3773 927 3848 Feminam
961 3786 1055 3850 ullam
1083 3789 1137 3849 vel
1164 3788 1320 3853 Helenam
1353 3793 1454 3872 ipsam

207 3885 386 3965 ‘scipionem
408 3903 503 3948 manu
523 3893 642 3964 tenere,
662 3907 820 3971 nusquam
841 3903 1032 3976 compertum
1052 3895 1165 3959 habeo.
1216 3886 1339 3977 Quodsi
1359 3899 1456 3982 Igitur

186 3993 378 4079 ‚Vergilius
400 4011 462 4054 non
483 4010 503 4054 e
519 3990 644 4057 Graeco
666 3995 769 4078 aliquo
789 3997 979 4066 Romanove
999 4014 1095 4087 poeta
1115 4007 1201 4071 huno
1216 4025 1336 4070 morem
1352 4007 1455 4090 adop·

212 4101 304 4183 tarit,
348 4101 479 4165 Ilionam
507 4119 631 4185 quoque
657 4105 775 4170 Priami
802 4109 897 4174 filiam
916 4113 1000 4175 'natu
1028 4115 1197 4178 maximam
1226 4123 1260 4178 et
1279 4115 1454 4198 Polymne-
1496 4118 1498 4191 ζ

213 4219 311 4280 storis
325 4216 483 4278 'I'hracum
504 4217 592 4302 regIs
611 4217 789 4301 coniugem,
809 4230 959 4304 tanquam
979 4225 1120 4305 reginam
1139 4223 1327 4289 adumbrare
1344 4224 1454 4286 voluit.
1496 4202 1497 4205 Ἴ

212 4324 349 4390 Servius
369 4327 530 4393 Danielis:
559 4329 624 4406 „lllt
651 4331 826 4412 quaeritur,
856 4341 959 4396 utrum
979 4333 1041 4397 lroo
1061 4341 1226 4415 sceptrum
1245 4329 1286 4394 de
1306 4331 1451 4411 I'hraeia,
1496 4420 1497 4437 χ

118 4457 127 4478 ·
208 4453 254 4498 -an
275 4433 316 4498 de
335 4434 432 4500 'I'roia
459 4435 635 4520 sublatum3
671 4437 799 4522 quidam
826 4442 959 4505 Aeneae
989 4442 1030 4503 ab
1060 4441 1161 4506 Iliona
1191 4440 1299 4506 elatum
1326 4438 1453 4522 dinone
1496 4448 1497 4489 l

213 4545 273 4610 sed
295 4545 440 4630 quamvis
461 4555 536 4632 epta
557 4555 711 4631 nupturae
732 4551 863 4638 reginae
881 4549 946 4614 sint
969 4568 1119 4627 munera,
1150 4558 1256 4614 tamen
1280 4549 1453 4645 futurorum

114 4726 116 4732 ,
140 4664 142 4668 ’
211 4657 365 4724 malorum
386 4657 549 4722 continere
570 4676 663 4722 omen
684 4655 845 4725 videtur.“
890 4660 927 4720 Iu
952 4676 1036 4740 quae
1054 4658 1158 4727 verba
1175 4678 1240 4721 non
1260 4661 1387 4722 omnino
1404 4660 1453 4722 iu·

214 4768 358 4833 raverim.
410 4765 448 4828 Id
475 4766 591 4830 saltem
612 4773 754 4840 constat,
785 4774 914 4859 seeptro
942 4775 976 4829 et
1003 4783 1123 4839 corona,
1138 4767 1315 4844 coniunctis
1334 4767 1453 4852 regiam
1496 4804 1497 4835 r
