3000 5184
281 193 339 256 ne
651 204 654 208 “
773 195 827 256 Do
848 195 1030 271 navibus.

500 248 508 280 i

273 375 414 438 Nonnisi
429 375 569 436 sedecim
586 375 680 458 igitur
694 385 828 457 restant,
848 397 972 461 eaeque
988 399 1090 461 paene
1110 401 1131 444 a
1149 385 1257 446 Tnmo
1273 385 1335 466 ix,
1357 383 1409 446 72.
1426 405 1465 446 co
1490 414 1494 437 ·

275 483 390 547 inustae
411 485 489 546 miro
512 495 625 565 poetae
645 486 774 552 invento
797 487 860 563 tx,
887 488 982 550 80-
995 489 1063 550 lat.
1091 490 1122 551 in
1146 493 1302 572 nymphas
1323 493 1474 554 mariam

276 601 388 656 tantm.
417 597 557 676 Quarum
579 617 641 659 uua
665 599 706 672 X,
727 599 798 662 225.
820 597 947 663 Graeco
970 601 1096 661 nomine
1112 601 1308 680 Cymodocea
1326 603 1497 684 appeliatu

277 703 380 782 Quem
402 707 538 768 fabulam
559 717 662 770 utrum
684 707 848 791 Vergilius
870 728 889 769 e
909 696 1137 792 suoſjingenim‘
1162 729 1203 771 an
1231 730 1251 770 e
1271 712 1434 773 volumine
1456 714 1500 773 niu

276 831 338 893 quo
361 813 536 877 oblitterato
558 817 705 886 hauserit,
730 837 791 878 nun
813 825 947 878 constat.
992 816 1046 879 Ait
1067 816 1194 898 quidem
1217 818 1274 894 tx,
1295 819 1349 880 ta.
1443 857 1448 871 ·

356 923 472 982 Prisco
489 926 568 1002 Μαι
587 928 681 1002 facto,
704 927 764 986 aad
778 927 868 1004 famo
885 929 1045 1002 perennia.

276 1025 484 1108 quiveram,
517 1037 551 1090 ut
582 1031 736 1092 obscurus
763 1033 891 1092 omnino
919 1039 986 1107 est,
1021 1032 1065 1091 ita
1091 1031 1161 1092 miri
1189 1029 1310 1092 inuenti
1339 1049 1500 1094 excursan

277 1153 375 1198 eausa
396 1135 519 1198 additus
539 1155 615 1200 csse
639 1136 772 1199 videtur.
814 1138 952 1200 Servius
974 1139 1088 1200 saitem
1109 1156 1181 1200 cum
1202 1139 1409 1219 interpretum
1431 1142 1498 1201 ant'

275 1247 497 1324 quissimorum
517 1247 608 1308 turba
630 1247 732 1308 simite
754 1246 910 1328 quidpiam
938 1267 999 1309 non
1026 1249 1163 1329 repperit
1186 1249 1226 1310 ad
1247 1250 1307 1327 tx,
1336 1248 1387 1309 82.
1414 1249 1499 1311 aduo

276 1361 363 1414 tans:
388 1353 612 1436 „tigmentum
635 1351 696 1418 hoc
719 1355 792 1416 licet
815 1359 973 1435 poeticum
994 1356 1049 1436 sit,
1069 1365 1175 1418 tamen
1196 1359 1271 1438 quia
1290 1359 1436 1438 exempto
1459 1375 1490 1419 cv

277 1470 339 1538 ret,
373 1474 500 1527 notatur
531 1485 552 1528 a
580 1463 732 1531 criticia“
783 1469 817 1528 ln
851 1475 997 1547 promptu
1016 1475 1122 1527 tamen
1149 1474 1236 1540 aunt,
1268 1457 1352 1547 qnae
1375 1468 1490 1527 Maron

275 1573 530 1654 imaginationem
553 1575 591 1638 ad
615 1577 679 1638 tale
701 1576 886 1658 figmentum
909 1572 1144 1655 compulerunt,
1175 1573 1330 1654 imagines
1359 1576 1436 1638 iliae
1458 1597 1491 1638 n·

274 1687 361 1748 vium
393 1691 425 1748 in
452 1686 582 1764 picturis
610 1685 903 1748 Herculanensibus
931 1684 1196 1764 Pompeianisque
1223 1685 1304 1749 satis
1329 1685 1500 1768 frequent,

274 1793 415 1868 (Antich.
422 1777 453 1853 'd'
461 1792 562 1854 tironi.
572 1792 612 1866 11,
619 1791 668 1852 45.
677 1792 754 1866 m),
762 1809 891 1871 quarum
904 1809 1015 1872 prorae
1024 1791 1180 1852 oculorum
1188 1790 1393 1858 humanorum
1405 1796 1490 1858 form

266 1875 461 1982 'exsurgunu
483 1899 668 1981 nominaque
691 1897 887 1973 Graecorum
910 1903 1080 1980 praecipue
1100 1901 1269 1963 triremium
1285 1919 1484 1982 saepenume

33 1979 76 2036 ‘³³⁴
172 2053 173 2061 .
275 2009 437 2070 adeabus
458 2006 648 2088 nymphisve
674 2005 837 2068 deductae.
888 2006 1120 2086 Aristophanes
1144 2026 1268 2089 quoque
1296 1996 1398 2089 equit'
1425 2010 1484 2072 131

276 2117 419 2177 triremes
441 2109 628 2198 παρθένους
647 2115 829 2196 appellavit.
877 2113 927 2179 cf.
956 2114 1109 2194 picturam
1136 2114 1324 2178 Vaticanum
1345 2120 1378 2177 in
1401 2118 1499 2178 Mitt·

276 2223 406 2305 mythol.
435 2219 554 2286 Galler.
577 2222 653 2284 Tab.
683 2221 867 2285 ChXXVL
887 2240 933 2284 nr.
958 2220 1031 2284 652.
1079 2220 1232 2283 Ceterum
1257 2239 1356 2302 quum
1384 2224 1490 2284 Aene

275 2353 314 2396 eo
336 2333 406 2395 ioco
428 2346 538 2395 omnes
560 2349 661 2394 naves
679 2329 849 2411 perdiderit
868 2331 927 2408 (ei.
948 2331 1006 2408 lx,
1029 2331 1119 2412 128),
1141 2329 1285 2393 dubitare
1299 2331 1416 2413 aliquis
1434 2351 1497 2413 poa

274 2430 328 2520 sit,
350 2439 507 2524 quomodo
528 2441 626 2502 altero
647 2438 699 2500 die
721 2439 764 2513 X,
788 2437 859 2499 tit:

645 2547 756 2611 Medio
776 2547 904 2609 Aeneae
921 2552 1007 2629 freto
1029 2557 1121 2609 nocte
1140 2550 1277 2610 eeeodot.

38 2699 72 2758 p
183 2749 185 2753 y
274 2657 496 2722 a'l'archonte
517 2657 633 2730 auxilia
653 2657 817 2738 petiturus.
845 2656 914 2720 Sed
934 2656 976 2718 nd
997 2656 1181 2720 Evandrum
1202 2658 1315 2720 Aenea
1335 2678 1394 2740 per
1414 2659 1497 2720 'rite

274 2769 330 2830 rim
351 2777 448 2829 vecto
471 2784 571 2829 naves
598 2776 722 2830 ceterae
752 2774 893 2828 mutatae
926 2774 1025 2835 erent.
1075 2768 1196 2831 Postea
1224 2767 1353 2851 quidem
1383 2766 1497 2830 foeder

273 2887 344 2936 cum
365 2873 545 2934 Tarchonte
570 2881 699 2954 peracto
722 2872 765 2952 X,
793 2872 866 2934 155:

355 2981 497 3044 Classem
520 2981 704 3040 conscendit
724 2983 823 3041 inemo
841 3000 923 3057 peno
944 2981 1047 3060 Lydio
1068 2974 1168 3044 dicem

357 3089 504 3149 Eoeterno
528 3091 693 3147 eumeni-eoo
713 3089 793 3149 duci.
836 3087 958 3148 Aeneia
976 3093 1094 3168 puppis

354 3197 464 3256 Primo
484 3200 576 3268 tenet,
601 3200 703 3254 rostro
724 3195 887 3270 Pdrypioe
906 3197 1074 3257 subiuncta
1095 3197 1222 3276 teooee;
1320 3274 1322 3279 Ι

353 3305 502 3364 [eontinet
522 3303 582 3366 lde
603 3322 711 3384 cuper,
730 3304 879 3383 prosapie
897 3307 1085 3380 arctissimo
1109 3305 1246 3370 Teucria.

271 3416 326 3494 qni
354 3429 471 3474 versus
501 3409 640 3471 fortasse
669 3431 708 3472 eo
739 3418 881 3491 tempore
910 3411 1019 3490 scripti
1040 3423 1125 3488 aunt,
1155 3432 1217 3495 quo
1233 3414 1364 3477 mutatio
1381 3419 1494 3480 navio.

274 3521 440 3585 Ideearum
462 3523 516 3582 vel
537 3519 671 3582 noudum
695 3521 798 3582 animo
822 3529 889 3584 erat
912 3529 1068 3602 concepta
1089 3522 1143 3584 vei
1160 3521 1265 3587 deieta
1280 3525 1351 3586 iam.
1381 3526 1494 3589 Novar

272 3649 351 3692 vero
373 3630 455 3692 hanc
477 3630 614 3690 classem
636 3628 814 3711 triginta
835 3629 963 3688 navium
986 3629 1084 3692 fuisse
1102 3629 1251 3692 videmus
1272 3633 1318 3712 X,
1336 3631 1418 3698 2132

358 3738 414 3798 Tot
434 3739 508 3799 lecti
524 3757 674 3815 proceres
696 3745 743 3797 ter
766 3739 857 3797 dous
877 3739 1009 3798 occidua
1029 3740 1119 3800 idom
1219 3732 1221 3735 ’

303 3897 307 3915 ,
351 3845 497 3908 &obsidio
523 3846 642 3920 Troiae,
664 3853 695 3906 e!
716 3865 845 3923 compca
865 3847 945 3906 colio
966 3865 1040 3908 cere
1059 3851 1218 3910 secabant.

272 3951 336 4030 Qui
357 3971 506 4041 numerus
527 3972 621 4034 quum
643 3953 673 4014 in
694 3952 911 4016 Romanorum
932 3953 1081 4018 institutis
1101 3956 1194 4020 fucrit
1210 3957 1354 4042 insignia,
1377 3977 1398 4021 a
1415 3967 1500 4040 poet

270 4077 333 4120 non
353 4059 422 4120 sine
443 4063 564 4120 ratione
585 4057 761 4122 adhibetur.
804 4060 889 4121 nudi
910 4062 993 4127 enim
1013 4063 1039 4143 1,
1060 4061 1147 4143 ttae
1160 4062 1277 4143 [iulus]
1304 4107 1307 4115 ·

355 4167 544 4243 Tripioto
564 4186 696 4243 mopnoe
716 4166 876 4228 volvendis
895 4170 1055 4230 mensibus
1079 4172 1163 4232 artie

350 4277 479 4352 [operio
498 4275 644 4352 coaptabit,
666 4293 861 4353 repetamque
882 4278 921 4336 od
940 4278 1015 4336 aede
1035 4277 1154 4338 Lavini

356 4384 548 4463 itoneferet
572 4389 603 4443 et
623 4383 748 4459 inopom
770 4384 870 4444 enutio
891 4388 923 4444 ei
941 4389 1062 4447 muniet
1081 4385 1206 4448 Addam.

269 4520 316 4582 111
348 4517 428 4582 390:

318 4563 328 4602 2
348 4629 486 4690 Litoreio
507 4631 621 4704 tepens
641 4631 768 4690 invento
787 4631 847 4692 eud
868 4631 994 4694 ilicibus
1013 4653 1084 4705 sue,

355 4739 541 4817 Tripioto
562 4730 700 4817 capitum
716 4737 805 4821 ‘fetae
825 4742 924 4805 enimc
944 4745 1071 4805 incedit·
