3000 5184
443 221 498 284 De
532 223 706 290 moribus
736 227 927 310 antiquis.
1238 231 1303 294 atu

56 399 183 479 Sperat
204 407 317 481 poeta,
355 403 426 468 lore
446 412 483 466 ut
504 406 675 488 aliquando
693 407 726 468 in
746 416 862 473 terram
884 408 1003 478 redeat.
1045 409 1169 474 Geoinit
1191 416 1254 478 iarn
1273 417 1304 478 iu

55 505 175 588 Eulog.
196 508 260 591 tv,
280 510 319 575 bt
885 555 886 560 κ

141 619 219 678 Iam
240 622 323 682 redit
340 627 373 684 et
396 621 534 697 Virqo,
554 624 692 686 redeunt
710 624 869 687 &aarum
889 644 991 702 repca

53 723 230 807 Virginem
253 727 424 788 Astraeum
445 736 540 806 puta3
563 728 595 788 iu
621 730 762 812 Augusti
782 733 958 812 principatu
981 733 1062 794 Aen.
1083 733 1110 816 l,
1132 732 1210 795 292:

140 834 238 896 cana
257 833 380 896 Fides
401 843 433 896 et
457 837 564 910 Vesta,
589 838 685 899 Remo
707 841 898 918 cumfratre
919 837 1091 912 Quirinus*

140 945 231 1004 Iura
252 944 380 1005 dubunt.

53 1050 213 1113 Attamen
247 1055 309 1113 alia
337 1062 387 1115 est
414 1053 579 1136 quaestio,
616 1063 722 1117 utrum
758 1068 872 1139 poeta,
913 1077 1006 1142 qnam
1035 1061 1066 1121 in
1094 1059 1164 1140 ipso
1194 1058 1307 1122 Aenea

52 1163 247 1242 praedicare
269 1164 385 1244 voluit,
409 1163 561 1225 iustitiam
582 1184 698 1226 revera
717 1167 762 1227 ita
786 1162 984 1245 servaverit,
1020 1177 1053 1230 nt
1075 1187 1185 1230 ontnes
1206 1169 1306 1249 ipsius

53 1271 207 1331 actiones
234 1270 275 1333 ad
305 1272 387 1333 hano
425 1273 515 1353 quasi
543 1272 707 1334 obrussam
739 1275 940 1339 examinatae
968 1275 1062 1338 fidem
1095 1277 1304 1358 incorruptam

52 1395 175 1439 revera
196 1378 339 1462 prodant
382 1381 495 1460 Patet,
525 1383 668 1443 Aeneam
690 1385 722 1442 in
744 1383 829 1444 omni
852 1389 918 1446 vita
940 1385 979 1446 ab
1001 1389 1071 1466 ipso
1104 1393 1137 1445 ut
1169 1384 1305 1466 Augusti

54 1486 226 1566 exemplar
248 1483 434 1547 adumbrari.
478 1484 546 1549 Sed
575 1487 605 1548 in
632 1485 682 1548 bis
704 1487 847 1550 laudibus
870 1496 965 1570 poeta
987 1507 1178 1570 magnopere
1198 1488 1307 1568 lapsus

53 1601 116 1654 est.
166 1593 260 1672 Quae
281 1595 363 1656 enim
385 1595 513 1657 fabulae
532 1595 656 1677 abipso
671 1596 896 1677 exprimendae
911 1598 1140 1679 perhibuerunt,
1162 1611 1307 1676 quaeque

54 1703 241 1784 exprimere
262 1703 331 1782 ipse
353 1706 467 1785 voluit,
490 1724 530 1768 ea
551 1705 613 1767 sibi
633 1705 790 1767 contrarie
812 1719 901 1768 erant
920 1707 1074 1788 opposita.
1117 1703 1209 1782 Quae
1223 1701 1338 1764 enims·

53 1807 120 1870 ista
144 1820 197 1872 est
217 1811 347 1890 iustitia,
377 1812 460 1894 quod
485 1815 613 1876 Aeneas
635 1833 766 1876 uxorem
790 1813 945 1878 Creusam
968 1814 1120 1895 relinquit,
1144 1813 1305 1892 voluptate

55 1915 207 1990 delinitus
228 1918 399 1996 Didonem,
439 1939 521 2002 quae
549 1921 692 1982 omuibus
723 1940 795 1982 eum
819 1920 927 2000 donis,
954 1921 1123 1984 bonoribus
1152 1918 1304 2000 cumulat,

53 2034 236 2109 stupratur,
259 2025 373 2092 debinc
394 2026 512 2089 descrit
533 2030 694 2091 Mercurio
717 2030 941 2112 compellante,
965 2029 1049 2112 quod
1074 2030 1181 2090 'l'urno
1206 2047 1304 2109 spon-

55 2150 129 2196 sam
154 2135 257 2217 eripit,
281 2133 395 2196 deinde
417 2135 637 2201 eumoccidit!
661 2137 847 2200 At—haec
858 2140 963 2200 omnia
979 2138 1108 2200 deorum
1131 2140 1306 2216 voluntate,

53 2241 124 2305 fato
147 2263 221 2306 eum
244 2244 365 2305 ltaliam
389 2245 598 2326 compellente
620 2251 828 2322 excusantur,
858 2248 950 2306 cuius
973 2246 1177 2310 observantia
1198 2248 1306 2331 pieta-

55 2359 123 2413 tem
149 2355 283 2413 Aeneae
305 2331 414 2416 efficit

142 2462 184 2521 ll.
228 2461 352 2523 Pieres
374 2479 499 2542 quoque
519 2478 539 2521 a
561 2461 696 2522 Marone
718 2460 956 2523 commendatur
978 2461 1037 2531 Vl,
1060 2461 1140 2524 620:

143 2573 267 2632 Discite
288 2575 442 2632 iustitiam
461 2575 574 2632 monili
593 2577 627 2631 et
644 2589 719 2631 non
740 2578 917 2631 temnere
938 2573 1056 2632 dicos.
1360 2621 1372 2651 ,

55 2703 237 2768 Innumeris
258 2703 339 2768 locis
357 2706 487 2769 Aeneas
509 2705 550 2768 ob
572 2723 642 2767 eam
664 2722 789 2788 quoque
811 2704 889 2766 miro
906 2702 1002 2765 modo
1015 2702 1203 2784 celebratur,
1226 2721 1307 2786 quos

56 2817 241 2878 enumerari
275 2831 551 2894 supervacaneum
585 2822 645 2874 est
695 2815 771 2893 lpse
799 2830 837 2874 se
869 2814 998 2874 Aeneas
1033 2813 1117 2894 pium
1155 2815 1306 2896 nominat,

56 2922 197 2986 eundem
219 2929 316 3001 poeta
335 2921 454 3000 pietate
474 2921 641 3004 insignem.
683 2920 805 2983 Verum
829 2920 856 2981 si
877 2919 928 2982 hic
949 2937 1089 3002 quoque,
1123 2939 1206 3000 quae
1238 2927 1306 2990 elus

57 3034 159 3098 luerit
185 3035 305 3115 pietas,
332 3052 541 3114 quaeramus,
571 3034 657 3095 inest
681 3031 785 3094 attiruo
816 3029 921 3090 herois
946 3031 1126 3092 reverentia
1148 3033 1305 3111 quaedum

57 3144 156 3205 nimia
175 3142 313 3203 fortasse
342 3159 420 3225 erga
451 3160 575 3204 coartent
598 3138 725 3202 divinae
746 3138 924 3198 voluntatis
945 3136 1066 3198 laetam
1086 3135 1148 3200 sibi
1170 3145 1306 3205 mentio-

56 3271 148 3332 nem3
170 3251 313 3332 prodigia
334 3250 450 3330 omniu,
473 3251 594 3310 somnia
610 3234 825 3330 ¹quaecunque
846 3253 1002 3316 sectatur,
1026 3241 1105 3306 deos
1117 3258 1307 3328 apparentes

56 3362 164 3440 audit3
187 3360 347 3422 sacrificia
367 3377 439 3421 cum
463 3359 624 3420 arixietate
647 3368 797 3436 motuque
820 3355 997 3437 ubicunque
1019 3355 1162 3438 peragit,
1197 3358 1308 3440 quibus

58 3466 256 3553 peragendis
279 3477 312 3529 et
329 3466 479 3529 docendis
492 3467 587 3528 etiam
605 3466 768 3528 llomuuae
780 3464 1018 3547 superstitionis
1031 3465 1187 3527 maximus
1197 3479 1309 3528 auctor

59 3596 78 3639 a
101 3570 307 3656 scriptoribus
336 3572 573 3633 describebatur
597 3580 629 3632 et
651 3590 670 3633 a
693 3578 790 3652 poeta
813 3567 1010 3631 describitur.
1052 3570 1089 3631 ln
1110 3571 1158 3632 bis
1180 3589 1306 3653 quoque

59 3687 254 3766 Augustus,
276 3681 338 3742 nisi
359 3681 461 3762 fallor,
484 3679 586 3770 artimo
607 3680 753 3742 Maronis
776 3677 969 3739 obversatus
991 3683 1057 3753 est,
1079 3677 1132 3760 qui
1154 3677 1306 3758 (Sueten.

58 3794 128 3866 75.)
151 3791 274 3853 eleetos
296 3798 331 3851 et
348 3790 519 3852 sollemnes
539 3787 607 3848 dies
625 3787 854 3870 profusissime,
879 3799 1100 3863 nonnunquam
1122 3786 1305 3851 ioculariter
1421 3811 1427 3822 ·

58 3910 193 3980 tantum,
219 3900 429 3974 celebrabatur
452 3897 504 3978 qui
525 3899 679 3971 (Sueton.
699 3895 768 3967 92.)
793 3891 954 3973 „auspicia
976 3891 1131 3972 quaedam
1155 3905 1188 3957 et
1203 3898 1308 3962 omina

59 4030 118 4091 pro
152 4008 338 4071 certissimis
360 4005 583 4068 observabatur
628 4002 773 4084 Denique
800 3993 929 4064 Aeneas
959 3998 1132 4064 Anchisem
1165 4021 1184 4064 e
1212 4003 1306 4068 'l'roia

61 4119 201 4179 bumeris
233 4123 400 4195 exportat,
432 4112 518 4193 quotl
546 4111 638 4173 nobis
658 4111 756 4170 risum
778 4116 903 4190 potrus,
941 4121 1038 4185 qnam
1065 4107 1305 4176 admirationem

62 4235 188 4302 movet3
210 4225 267 4286 sed
289 4225 404 4286 fabulis
427 4223 583 4286 Romanis
597 4221 765 4301 nurumque
784 4227 854 4280 erat
876 4217 1043 4278 sancitam.
1086 4215 1187 4277 Deest
1201 4217 1232 4279 in
1245 4218 1307 4280 hau

63 4339 182 4419 pietate
215 4334 317 4402 omnis
338 4334 408 4395 lere
432 4333 665 4394 boemerum
692 4337 859 4412 gestarum
886 4324 1069 4408 appetentia
1090 4343 1130 4389 ac
1151 4328 1308 4390 voluntas.

64 4444 274 4509 Clementiam
304 4461 430 4525 quoque
457 4451 491 4505 et
520 4441 737 4504 liberalitatem
769 4446 865 4520 poeta
894 4435 1114 4500 delineandam
1141 4435 1202 4512 sibi
1227 4453 1307 4514 pro·

65 4556 170 4635 posuit
190 4548 302 4633 partim
325 4550 411 4616 ludis
434 4530 594 4616 Sicilianis
621 4545 851 4628 instruendis,
871 4545 987 4627 partim
1014 4563 1098 4626 pace
1124 4542 1198 4606 olim
1227 4561 1307 4604 con-

64 4659 224 4739 cedenda,
252 4658 313 4723 sed
334 4680 374 4724 ea
391 4680 518 4742 quaque
538 4660 676 4725 animum
698 4657 829 4720 lectoris
851 4675 915 4722 non
935 4673 986 4735 eo,
1008 4673 1070 4736 quo
1092 4651 1209 4723 uoluit,
1242 4650 1306 4714 ad·

66 4773 147 4833 lectu
169 4779 312 4852 tangunt.
978 4770 981 4788 ¹
