3000 5184
204 218 246 281 2-1
703 190 760 277 lle
783 217 943 299 populo.

206 389 330 461 Rornae
343 418 572 480 saepenumero
587 408 720 461 senatus
731 399 902 462 iudeorum
913 398 1045 462 aedibus
1057 408 1108 461 est
1118 400 1241 462 habitus
1253 398 1474 480 niaxxx,

205 508 264 568 21:
285 506 353 586 „Q.
374 506 509 567 Fulvius
530 504 626 584 Gillo,
659 508 787 589 legatus
810 506 979 587 Scipionis,
1008 505 1289 586 Carthaginienses
1311 508 1477 572 Romam

100 615 103 629 '
207 615 354 696 adduxit,
386 616 500 696 quibus
526 615 635 676 vetitis
662 614 788 696 ingredi
816 615 925 676 urbem
953 614 1119 695 hospitium
1148 619 1178 675 in
1207 615 1284 678 villa
1306 618 1474 699 publica,

206 734 338 786 senatus
359 722 401 803 ad
422 724 536 793 aedem
563 725 758 786 Bellonae
786 723 893 786 datus
910 720 997 786 cst.“
1038 724 1163 807 XXXI,
1190 724 1244 787 472
1284 725 1346 802 „la
1376 726 1475 787 Fu-

207 836 328 903 rius-
342 864 383 874 -
402 831 536 893 Romam
557 831 717 911 inopinato
737 850 834 914 quum
856 833 1014 913 venisset,
1033 840 1180 895 senatum
1202 834 1232 893 in
1256 832 1337 896 aede
1357 835 1476 895 Bel-

195 940 319 1014 ,lonae
348 938 474 1019 habuit,
511 943 732 1019 expositisque
760 938 857 1001 rebus
886 940 1007 1023 gestis,
1038 948 1073 1001 ut
1090 940 1301 1021 ,triumphanti
1329 942 1391 1002 sihi
1428 943 1475 1003 iu

204 1048 313 1123 urbem
335 1045 443 1109 invehi
463 1046 585 1125 liceret,
606 1047 713 1126 petit“
754 1046 988 1126 xxxllmt:
1017 1045 1094 1127 „Ad
1114 1048 1475 1112 aederrrBellonae

207 1161 340 1215 senatus
367 1161 418 1214 est
442 1147 607 1213 habitus.“
653 1152 747 1233 Xhl,
782 1154 820 1215 lix
856 1152 945 1232 „Per
981 1171 1038 1215 eos
1067 1154 1136 1216 dies
1163 1154 1211 1215 ri.
1241 1156 1474 1238 Sempronius

210 1261 378 1325 Gracchus
410 1269 444 1323 et
483 1261 519 1323 la.
560 1260 746 1321 Postumius
774 1259 909 1323 Albinus
939 1279 981 1321 ex
1005 1261 1159 1342 Hispania
1189 1262 1323 1325 Romam
1353 1282 1475 1343 quum

211 1374 439 1445 revertissent,
465 1379 596 1431 senatus
617 1369 654 1429 iis
677 1388 697 1429 a
716 1370 765 1430 Μ.
787 1368 902 1430 'l'itinio
923 1384 1070 1450 praetore
1092 1370 1185 1433 datus
1206 1374 1238 1433 iu
1260 1371 1340 1435 aede
1361 1374 1474 1435 Bel-

184 1482 329 1557 „lonae
351 1477 391 1555 ad
409 1478 615 1541 disserendas
633 1496 699 1561 ree,
722 1496 801 1558 quas
820 1479 1012 1559 gessissent,
1034 1480 1301 1561 postulandosque
1317 1480 1479 1546 honores

197 1587 363 1667 meritos,
384 1595 417 1649 ut
433 1586 493 1649 diis
511 1588 736 1651 immortalibus
756 1587 925 1652 haberetur
945 1585 1083 1651 honos.“
1105 1589 1199 1650 Xhll
1209 1634 1219 1670 ,
1239 1590 1296 1653 21:
1317 1590 1426 1651 aba...

99 1711 122 1722 ‘⁴
199 1714 309 1777 ¹quarn
335 1696 608 1774 proficiscerentur
630 1699 791 1774 eonsules,
815 1698 852 1762 C.
868 1698 1015 1761 Cicereio
1037 1700 1175 1777 praetori
1194 1698 1305 1777 prioris
1327 1700 1400 1760 anni
1417 1716 1438 1759 a

213 1802 325 1865 aedem
348 1804 540 1865 Bellonae
560 1814 691 1867 senatus
713 1806 808 1868 datus
830 1802 914 1867 est“
943 1806 1048 1885 XLll,
1070 1804 1127 1866 28:
1158 1806 1294 1888 „ltaque
1314 1826 1377 1867 non
1399 1824 1477 1867 se-

216 1908 327 1973 cundis
348 1912 478 1972 auribus
495 1920 618 1992 patrum
633 1911 761 1976 nuditus
784 1922 834 1975 eat
850 1914 972 1993 consul,
995 1932 1091 1994 quum
1112 1914 1143 1975 in
1162 1914 1242 1976 aede
1262 1915 1473 1978 Bellonae

216 2016 362 2079 derebus
376 2020 408 2079 in
429 2021 601 2098 Liguribus
617 2021 720 2102 gestis
740 2020 947 2083 dissereret.“
969 2022 1196 2099 xxxiv,432
1223 2023 1358 2103 allegati
1383 2024 1473 2086 Na-

216 2127 298 2189 bidis
320 2128 443 2208 tyranni
453 2127 589 2191 Romam
601 2138 765 2195 venerunt.
788 2132 846 2193 Elis
865 2139 956 2192 extra
979 2130 1088 2193 urbem
1109 2132 1140 2192 in
1162 2129 1472 2212 aedeApollinis

137 2224 143 2249 ¹
208 2245 349 2298 *senatus
370 2236 465 2299 datus
480 2244 559 2300 esto
579 2239 786 2315 xxx1x‚42
809 2237 872 2317 [M.
883 2238 1035 2317 Fulvius]
1059 2239 1470 2320 „adaedem'Apollinis

215 2350 248 2409 in
261 2356 375 2408 senatu
386 2366 482 2428 quum
495 2346 534 2407 de
550 2348 646 2408 rebus
661 2349 691 2409 in
703 2349 828 2410 Aetolia
846 2348 1113 2430 Cephalleniaque
1125 2350 1164 2411 ab
1183 2368 1220 2411 se
1234 2350 1337 2433 gestis
1349 2348 1470 2412 disse-

218 2453 408 2518 ruisset...“
428 2450 588 2535 Xlrl,22:
611 2439 843 2536 „Compertum
865 2466 971 2521 tamen
992 2456 1246 2529 adfirmaverunt,
1271 2459 1397 2539 legatos
1421 2459 1470 2519 ab

217 2581 298 2646 rege
309 2565 431 2625 Perseo
453 2564 595 2645 venisse,
628 2564 732 2644 iisque
749 2582 847 2626 noctu
866 2574 1010 2627 senatum
1024 2612 1027 2617 «
1040 2569 1073 2627 in
1101 2564 1181 2627 aede
1211 2567 1471 2648 Aesculapii

220 2669 329 2744 datum
350 2672 463 2733 esse.“
489 2672 583 2752 Apud
608 2674 781 2735 Salustium
806 2674 879 2735 Cat.
895 2674 946 2736 49.
971 2683 1102 2735 senatus
1122 2674 1153 2734 in
1175 2673 1256 2735 aede
1278 2674 1470 2737 Concor-

221 2783 312 2844 diae
333 2782 494 2842 eonvenit.
532 2775 621 2845 'Rem
640 2801 733 2864 quam
756 2784 893 2844 maxime
921 2782 1065 2851 inlustrat
1094 2784 1248 2845 Festusz=
1271 2787 1471 2865 „Senacula

220 2872 278 2953 tria
298 2892 400 2951 fuisse
422 2891 560 2967 Rornae,
592 2892 622 2953 in
645 2894 758 2973 quibus
779 2902 911 2967 senatus
934 2894 1041 2956 haberi
1063 2892 1174 2957 solitus
1196 2896 1255 2972 sit,
1291 2894 1470 2956 momoriae

221 2997 355 3079 prodidit
375 2999 578 3059 Nicostratus
593 2998 630 3059 in
661 2998 760 3077 libro,
791 3000 843 3078 qui
871 2998 1049 3061 inscribitur
1078 2999 1118 3059 do
1156 3008 1270 3061 senatu
1294 3000 1468 3081 habendo,

222 3122 329 3182 unum,
348 3102 402 3163 ubi
421 3121 504 3161 nuno
520 3110 571 3163 est
592 3102 795 3166 aedisCon
806 3103 968 3167 cordiae
983 3104 1063 3165 inter
1078 3104 1267 3185 Capitolium
1284 3118 1316 3171 et
1331 3108 1467 3192 Forum,

223 3212 254 3270 in
284 3229 344 3291 quo
371 3209 515 3272 solebant
541 3215 745 3291 magistratus
767 3212 806 3271 D.
819 3212 856 3271 Τ.
878 3228 951 3273 cum
971 3212 1145 3273 senioribus
1167 3213 1352 3298 deliberare,
1375 3218 1468 3279 alte-

222 3339 289 3379 rum
311 3318 357 3379 ad
379 3326 534 3397 portam
558 3315 777 3398 Capenam,
807 3321 931 3384 tertium
954 3322 1055 3383 citra
1076 3321 1212 3385 aedem
1243 3324 1468 3411 bellonae,

188 3485 192 3491 ,
224 3428 254 3485 in
277 3443 338 3506 quo
359 3435 538 3487 exterarum
560 3432 718 3489 nationum
751 3430 868 3512 legatis
876 3474 887 3515 ,
917 3447 997 3510 quos
1018 3430 1050 3490 in
1072 3430 1180 3496 urbem
1204 3432 1373 3496 admittere
1402 3454 1469 3495 no-

226 3533 350 3611 lebant,
384 3544 515 3595 senatus
546 3533 715 3597 dabatur.“

821 3832 827 3844 .
851 3784 898 3846 16.

723 3917 782 3970 lle
794 3778 968 3985 {epulae

314 4047 406 4125 Quod
425 4052 590 4133 Vergilius
613 4057 729 4114 totiens
751 4073 814 4116 una
838 4072 911 4116 oum
932 4055 1072 4136 patribus
1094 4052 1241 4133 populum
1263 4051 1374 4132 iungit,
1397 4047 1471 4111 Ro·

233 4172 388 4217 rnanorum
404 4161 562 4240 exemplar
577 4160 616 4221 ob
634 4162 743 4222 oculos
755 4160 872 4224 habuit.
905 4162 978 4225 Nou
995 4162 1075 4223 enirn
1091 4162 1225 4241 populus
1238 4158 1279 4220 illi
1295 4167 1346 4220 est
1361 4151 1466 4241 δῆμος

234 4266 281 4326 rel
301 4267 406 4347 plebs,
426 4265 483 4327 sed
504 4267 635 4345 civium,
656 4270 708 4349 qui
728 4271 777 4331 sui
798 4272 877 4333 iuris
899 4278 984 4351 sunt,
1005 4272 1155 4330 universa
1176 4267 1360 4355 communio.
1403 4268 1467 4326 Al·
1489 4294 1490 4297 ¹

234 4371 338 4434 iorem
364 4371 519 4454 quandam
549 4372 720 4437 doctrinam
745 4385 872 4457 poetam
894 4376 955 4437 hac
974 4358 1061 4436 in‘re
1083 4372 1209 4435 carmini
1229 4370 1382 4432 infudisse
1404 4388 1466 4430 nou

235 4480 366 4541 rrbitror.
409 4481 557 4543 Attamen
589 4486 648 4544 tria
673 4490 848 4564 temporum
876 4492 908 4544 et
927 4481 1123 4564 popularium
1143 4479 1279 4563 vestigia
1301 4496 1465 4539 remanse-

234 4599 317 4669 runt,
354 4607 482 4669 qnorum
503 4592 634 4672 primum
657 4594 706 4669 X,
737 4592 810 4656 201.
833 4592 1027 4671 continetur,
1059 4586 1112 4650 ubi
1134 4588 1378 4651 Moatuodt'oes
1400 4591 1467 4646 oor's

230 4698 414 4760 nominatur.
455 4699 558 4759 Poeta
579 4699 659 4759 enirn
682 4698 723 4761 ad
745 4696 996 4761 aristocratioam
1018 4695 1102 4757 illam
1123 4692 1267 4766 indolem,
1290 4678 1321 4752 ni
1342 4691 1465 4752 omnino

231 4806 340 4885 fallor,
368 4815 507 4885 spectat,
521 4830 524 4839 ·
540 4806 687 4888 gentibus
710 4806 921 4870 Romanorum
946 4803 1145 4867 nobilioribus
1166 4804 1372 4866 vehomenter
1391 4818 1465 4879 pro-
