<?xml version="1.0" encoding="UTF-8"?>
<!DOCTYPE html PUBLIC "-//W3C//DTD XHTML 1.0 Transitional//EN"
    "http://www.w3.org/TR/xhtml1/DTD/xhtml1-transitional.dtd">
<html xmlns="http://www.w3.org/1999/xhtml" xml:lang="en" lang="en">
 <head>
  <title>
</title>
<meta http-equiv="Content-Type" content="text/html;charset=utf-8" />
  <meta name='ocr-system' content='tesseract 3.04.00' />
  <meta name='ocr-capabilities' content='ocr_page ocr_carea ocr_par ocr_line ocrx_word'/>
</head>
<body>
  <div class='ocr_page' id='page_1' title='image "./antiquitatesver01lersgoog_0020.png"; bbox 0 0 3000 5184; ppageno 0'>
   <div class='ocr_carea' id='block_1_1' title="bbox 197 127 1020 276">
    <p class='ocr_par' dir='ltr' id='par_1_1' title="bbox 197 127 1020 276">
     <span class='ocr_line' id='line_1_1' title="bbox 929 127 946 170; baseline 0 0"><span class='ocrx_word' id='word_1_1' title='bbox 929 127 946 170; x_wconf 75' lang='lat' dir='ltr'><strong>e</strong></span> 
     </span>
     <span class='ocr_line' id='line_1_2' title="bbox 197 184 1020 276; baseline 0.002 -6"><span class='ocrx_word' id='word_1_2' title='bbox 197 211 218 270; x_wconf 83' lang='grc'>6</span> <span class='ocrx_word' id='word_1_3' title='bbox 446 260 448 266; x_wconf 97' lang='grc'>.</span> <span class='ocrx_word' id='word_1_4' title='bbox 612 210 668 273; x_wconf 79' lang='lat' dir='ltr'><strong>lle</strong></span> <span class='ocrx_word' id='word_1_5' title='bbox 693 209 784 276; x_wconf 84' lang='lat' dir='ltr'><strong>iure</strong></span> <span class='ocrx_word' id='word_1_6' title='bbox 802 184 1020 274; x_wconf 70' lang='lat' dir='ltr'><strong>ceadenda</strong></span> 
     </span>
    </p>
   </div>
   <div class='ocr_carea' id='block_1_2' title="bbox 124 384 1452 804">
    <p class='ocr_par' dir='ltr' id='par_1_2' title="bbox 124 384 1452 804">
     <span class='ocr_line' id='line_1_3' title="bbox 197 384 1452 472; baseline -0.006 -16"><span class='ocrx_word' id='word_1_7' title='bbox 197 412 290 456; x_wconf 88' lang='lat' dir='ltr'><strong>unam</strong></span> <span class='ocrx_word' id='word_1_8' title='bbox 313 393 416 458; x_wconf 87' lang='lat' dir='ltr'><strong>solam</strong></span> <span class='ocrx_word' id='word_1_9' title='bbox 437 393 519 457; x_wconf 83' lang='lat' dir='ltr'><strong>inter</strong></span> <span class='ocrx_word' id='word_1_10' title='bbox 541 391 689 456; x_wconf 63' lang='lat' dir='ltr'><strong>latinum</strong></span> <span class='ocrx_word' id='word_1_11' title='bbox 710 388 918 472; x_wconf 71' lang='lat' dir='ltr'><strong>Aeneamque</strong></span> <span class='ocrx_word' id='word_1_12' title='bbox 938 384 1017 454; x_wconf 78' lang='lat' dir='ltr'><strong>aeae</strong></span> <span class='ocrx_word' id='word_1_13' title='bbox 1041 397 1158 472; x_wconf 80' lang='lat' dir='ltr'><strong>poene</strong></span> <span class='ocrx_word' id='word_1_14' title='bbox 1186 386 1290 450; x_wconf 75' lang='lat' dir='ltr'><strong>amne</strong></span> <span class='ocrx_word' id='word_1_15' title='bbox 1321 403 1452 450; x_wconf 83' lang='lat' dir='ltr'><strong>couce-</strong></span> 
     </span>
     <span class='ocr_line' id='line_1_4' title="bbox 200 497 1451 585; baseline -0.007 -18"><span class='ocrx_word' id='word_1_16' title='bbox 200 514 296 585; x_wconf 89' lang='lat' dir='ltr'><strong>ptam.</strong></span> <span class='ocrx_word' id='word_1_17' title='bbox 341 502 445 583; x_wconf 79' lang='lat' dir='ltr'><strong>Quam</strong></span> <span class='ocrx_word' id='word_1_18' title='bbox 466 512 571 570; x_wconf 70' lang='lat' dir='ltr'><strong>utrum</strong></span> <span class='ocrx_word' id='word_1_19' title='bbox 591 503 622 566; x_wconf 91' lang='lat' dir='ltr'><strong>iu</strong></span> <span class='ocrx_word' id='word_1_20' title='bbox 650 503 712 568; x_wconf 85' lang='lat' dir='ltr'><strong>hoo</strong></span> <span class='ocrx_word' id='word_1_21' title='bbox 730 504 801 584; x_wconf 77' lang='lat' dir='ltr'><strong>ipae</strong></span> <span class='ocrx_word' id='word_1_22' title='bbox 821 501 973 583; x_wconf 64' lang='lat' dir='ltr'><strong>umine,</strong></span> <span class='ocrx_word' id='word_1_23' title='bbox 992 499 1045 562; x_wconf 81' lang='lat' dir='ltr'><strong>cni</strong></span> <span class='ocrx_word' id='word_1_24' title='bbox 1065 506 1240 562; x_wconf 73' lang='lat' dir='ltr'><strong>emmam</strong></span> <span class='ocrx_word' id='word_1_25' title='bbox 1261 497 1451 577; x_wconf 74' lang='lat' dir='ltr'><strong>atacinus</strong></span> 
     </span>
     <span class='ocr_line' id='line_1_5' title="bbox 124 608 1452 694; baseline -0.009 -15"><span class='ocrx_word' id='word_1_26' title='bbox 124 641 126 651; x_wconf 92' lang='lat'><em>·</em></span> <span class='ocrx_word' id='word_1_27' title='bbox 199 633 324 679; x_wconf 86' lang='lat' dir='ltr'><strong>manum</strong></span> <span class='ocrx_word' id='word_1_28' title='bbox 345 635 406 678; x_wconf 91' lang='lat' dir='ltr'><strong>non</strong></span> <span class='ocrx_word' id='word_1_29' title='bbox 427 613 587 694; x_wconf 72' lang='lat' dir='ltr'><strong>imposuit,</strong></span> <span class='ocrx_word' id='word_1_30' title='bbox 610 610 713 676; x_wconf 85' lang='lat' dir='ltr'><strong>adhuc</strong></span> <span class='ocrx_word' id='word_1_31' title='bbox 733 610 829 674; x_wconf 83' lang='lat' dir='ltr'><strong>fuerit</strong></span> <span class='ocrx_word' id='word_1_32' title='bbox 849 616 1099 693; x_wconf 73' lang='lat' dir='ltr'><strong>perpetraturum,</strong></span> <span class='ocrx_word' id='word_1_33' title='bbox 1125 625 1167 670; x_wconf 82' lang='lat' dir='ltr'><strong>aa</strong></span> <span class='ocrx_word' id='word_1_34' title='bbox 1197 608 1452 670; x_wconf 71' lang='lat' dir='ltr'><strong>etitertaatum</strong></span> 
     </span>
     <span class='ocr_line' id='line_1_6' title="bbox 198 716 1311 804; baseline -0.004 -21"><span class='ocrx_word' id='word_1_35' title='bbox 198 724 337 791; x_wconf 84' lang='lat' dir='ltr'><strong>indicere</strong></span> <span class='ocrx_word' id='word_1_36' title='bbox 355 723 501 803; x_wconf 61' lang='lat' dir='ltr'><strong>vomuit,</strong></span> <span class='ocrx_word' id='word_1_37' title='bbox 524 721 620 786; x_wconf 85' lang='lat' dir='ltr'><strong>certis</strong></span> <span class='ocrx_word' id='word_1_38' title='bbox 643 721 841 804; x_wconf 74' lang='lat' dir='ltr'><strong>argumentis</strong></span> <span class='ocrx_word' id='word_1_39' title='bbox 861 719 993 784; x_wconf 72' lang='lat' dir='ltr'><strong>ardum</strong></span> <span class='ocrx_word' id='word_1_40' title='bbox 1014 721 1076 780; x_wconf 90' lang='lat' dir='ltr'><strong>erit</strong></span> <span class='ocrx_word' id='word_1_41' title='bbox 1097 716 1311 782; x_wconf 75' lang='lat' dir='ltr'><strong>efficiendum</strong></span> 
     </span>
    </p>
   </div>
   <div class='ocr_carea' id='block_1_3' title="bbox 612 975 1026 1199">
    <p class='ocr_par' dir='ltr' id='par_1_3' title="bbox 612 975 1026 1199">
     <span class='ocr_line' id='line_1_7' title="bbox 780 975 864 1064; baseline 0.024 -22"><span class='ocrx_word' id='word_1_42' title='bbox 780 975 813 1064; x_wconf 68' lang='lat' dir='ltr'><strong>q.</strong></span> <span class='ocrx_word' id='word_1_43' title='bbox 834 979 864 1044; x_wconf 80' lang='lat'><strong>2.</strong></span> 
     </span>
     <span class='ocr_line' id='line_1_8' title="bbox 612 1101 1026 1199; baseline -0.002 -4"><span class='ocrx_word' id='word_1_44' title='bbox 612 1139 671 1195; x_wconf 72' lang='lat' dir='ltr'><strong>De</strong></span> <span class='ocrx_word' id='word_1_45' title='bbox 689 1138 784 1196; x_wconf 68' lang='lat' dir='ltr'><strong>lun</strong></span> <span class='ocrx_word' id='word_1_46' title='bbox 800 1101 1026 1199; x_wconf 48' lang='lat' dir='ltr'><strong>mimae</strong></span> 
     </span>
    </p>
   </div>
   <div class='ocr_carea' id='block_1_4' title="bbox 97 1305 1451 3253">
    <p class='ocr_par' dir='ltr' id='par_1_4' title="bbox 97 1305 1451 2932">
     <span class='ocr_line' id='line_1_9' title="bbox 284 1305 1447 1391; baseline 0 -22"><span class='ocrx_word' id='word_1_47' title='bbox 284 1309 413 1388; x_wconf 78' lang='lat' dir='ltr'>Triplex</span> <span class='ocrx_word' id='word_1_48' title='bbox 437 1308 505 1369; x_wconf 85' lang='lat' dir='ltr'><strong>lere</strong></span> <span class='ocrx_word' id='word_1_49' title='bbox 535 1324 609 1370; x_wconf 90' lang='lat' dir='ltr'><strong>esse</strong></span> <span class='ocrx_word' id='word_1_50' title='bbox 636 1309 719 1370; x_wconf 89' lang='lat' dir='ltr'><strong>solet</strong></span> <span class='ocrx_word' id='word_1_51' title='bbox 748 1311 852 1369; x_wconf 88' lang='lat' dir='ltr'><strong>omnis</strong></span> <span class='ocrx_word' id='word_1_52' title='bbox 872 1307 961 1391; x_wconf 84' lang='lat' dir='ltr'><strong>regia</strong></span> <span class='ocrx_word' id='word_1_53' title='bbox 992 1309 1150 1389; x_wconf 84' lang='lat' dir='ltr'><strong>potestas.</strong></span> <span class='ocrx_word' id='word_1_54' title='bbox 1199 1305 1337 1370; x_wconf 83' lang='lat' dir='ltr'><strong>Constat</strong></span> <span class='ocrx_word' id='word_1_55' title='bbox 1361 1309 1447 1369; x_wconf 92' lang='lat' dir='ltr'><strong>enim</strong></span> 
     </span>
     <span class='ocr_line' id='line_1_10' title="bbox 202 1401 1450 1500; baseline 0.001 -22"><span class='ocrx_word' id='word_1_56' title='bbox 202 1417 360 1497; x_wconf 82' lang='lat' dir='ltr'><strong>republica</strong></span> <span class='ocrx_word' id='word_1_57' title='bbox 392 1418 631 1500; x_wconf 83' lang='lat' dir='ltr'><strong>magistratibus</strong></span> <span class='ocrx_word' id='word_1_58' title='bbox 669 1417 840 1481; x_wconf 87' lang='lat' dir='ltr'><strong>ordinanda</strong></span> <span class='ocrx_word' id='word_1_59' title='bbox 867 1417 1056 1500; x_wconf 78' lang='lat' dir='ltr'><strong>legibusque</strong></span> <span class='ocrx_word' id='word_1_60' title='bbox 1084 1401 1315 1498; x_wconf 82' lang='lat' dir='ltr'><strong>temperanda,</strong></span> <span class='ocrx_word' id='word_1_61' title='bbox 1349 1419 1450 1481; x_wconf 84' lang='lat' dir='ltr'><strong>armis</strong></span> 
     </span>
     <span class='ocr_line' id='line_1_11' title="bbox 202 1509 1448 1610; baseline 0.002 -23"><span class='ocrx_word' id='word_1_62' title='bbox 202 1525 314 1587; x_wconf 88' lang='lat' dir='ltr'><strong>deinde</strong></span> <span class='ocrx_word' id='word_1_63' title='bbox 335 1526 476 1602; x_wconf 85' lang='lat' dir='ltr'><strong>tutanda,</strong></span> <span class='ocrx_word' id='word_1_64' title='bbox 498 1526 599 1589; x_wconf 88' lang='lat' dir='ltr'><strong>sacris</strong></span> <span class='ocrx_word' id='word_1_65' title='bbox 620 1525 757 1610; x_wconf 88' lang='lat' dir='ltr'><strong>denique</strong></span> <span class='ocrx_word' id='word_1_66' title='bbox 782 1549 821 1591; x_wconf 87' lang='lat' dir='ltr'><strong>ac</strong></span> <span class='ocrx_word' id='word_1_67' title='bbox 843 1517 995 1610; x_wconf 78' lang='lat' dir='ltr'><strong>religione</strong></span> <span class='ocrx_word' id='word_1_68' title='bbox 1017 1509 1237 1590; x_wconf 84' lang='lat' dir='ltr'><strong>consecrando¹</strong></span> <span class='ocrx_word' id='word_1_69' title='bbox 1254 1546 1293 1590; x_wconf 91' lang='lat' dir='ltr'><strong>ac</strong></span> <span class='ocrx_word' id='word_1_70' title='bbox 1316 1528 1448 1609; x_wconf 89' lang='lat' dir='ltr'><strong>pianda.</strong></span> 
     </span>
     <span class='ocr_line' id='line_1_12' title="bbox 201 1623 1446 1719; baseline 0.001 -22"><span class='ocrx_word' id='word_1_71' title='bbox 201 1637 449 1718; x_wconf 82' lang='lat' dir='ltr'><strong>Magistratuum</strong></span> <span class='ocrx_word' id='word_1_72' title='bbox 471 1639 657 1699; x_wconf 87' lang='lat' dir='ltr'><strong>electionem</strong></span> <span class='ocrx_word' id='word_1_73' title='bbox 679 1637 772 1700; x_wconf 83' lang='lat' dir='ltr'><strong>Maro</strong></span> <span class='ocrx_word' id='word_1_74' title='bbox 793 1655 905 1718; x_wconf 91' lang='lat' dir='ltr'><strong>parum</strong></span> <span class='ocrx_word' id='word_1_75' title='bbox 926 1623 1042 1700; x_wconf 85' lang='lat' dir='ltr'><strong>sectari</strong></span> <span class='ocrx_word' id='word_1_76' title='bbox 1070 1625 1183 1717; x_wconf 84' lang='lat' dir='ltr'><strong>potuit,</strong></span> <span class='ocrx_word' id='word_1_77' title='bbox 1208 1637 1324 1719; x_wconf 92' lang='lat' dir='ltr'><strong>quippe</strong></span> <span class='ocrx_word' id='word_1_78' title='bbox 1345 1656 1446 1718; x_wconf 88' lang='lat' dir='ltr'><strong>quum</strong></span> 
     </span>
     <span class='ocr_line' id='line_1_13' title="bbox 203 1727 1447 1829; baseline 0.004 -25"><span class='ocrx_word' id='word_1_79' title='bbox 203 1743 333 1806; x_wconf 79' lang='lat' dir='ltr'><strong>Aeneas</strong></span> <span class='ocrx_word' id='word_1_80' title='bbox 362 1745 451 1806; x_wconf 89' lang='lat' dir='ltr'><strong>llrma</strong></span> <span class='ocrx_word' id='word_1_81' title='bbox 478 1745 614 1807; x_wconf 88' lang='lat' dir='ltr'><strong>nondum</strong></span> <span class='ocrx_word' id='word_1_82' title='bbox 636 1745 715 1807; x_wconf 86' lang='lat' dir='ltr'><strong>sede</strong></span> <span class='ocrx_word' id='word_1_83' title='bbox 731 1753 820 1807; x_wconf 85' lang='lat' dir='ltr'><strong>esset</strong></span> <span class='ocrx_word' id='word_1_84' title='bbox 839 1745 971 1826; x_wconf 90' lang='lat' dir='ltr'><strong>potitus,</strong></span> <span class='ocrx_word' id='word_1_85' title='bbox 994 1743 1092 1808; x_wconf 87' lang='lat' dir='ltr'><strong>ceteri</strong></span> <span class='ocrx_word' id='word_1_86' title='bbox 1113 1727 1192 1806; x_wconf 78' lang='lat' dir='ltr'><strong>uero</strong></span> <span class='ocrx_word' id='word_1_87' title='bbox 1218 1764 1315 1829; x_wconf 85' lang='lat' dir='ltr'><strong>reges</strong></span> <span class='ocrx_word' id='word_1_88' title='bbox 1337 1740 1447 1808; x_wconf 84' lang='lat' dir='ltr'><strong>maxi-</strong></span> 
     </span>
     <span class='ocr_line' id='line_1_14' title="bbox 194 1853 1450 1943; baseline 0.004 -31"><span class='ocrx_word' id='word_1_89' title='bbox 194 1870 285 1920; x_wconf 84' lang='lat' dir='ltr'><strong>,mam</strong></span> <span class='ocrx_word' id='word_1_90' title='bbox 307 1861 427 1933; x_wconf 88' lang='lat' dir='ltr'><strong>partem</strong></span> <span class='ocrx_word' id='word_1_91' title='bbox 447 1853 537 1916; x_wconf 89' lang='lat' dir='ltr'><strong>bellis</strong></span> <span class='ocrx_word' id='word_1_92' title='bbox 559 1855 783 1919; x_wconf 81' lang='lat' dir='ltr'><strong>detinerentur.</strong></span> <span class='ocrx_word' id='word_1_93' title='bbox 807 1857 958 1918; x_wconf 80' lang='lat' dir='ltr'><strong>Attamen</strong></span> <span class='ocrx_word' id='word_1_94' title='bbox 982 1875 1063 1939; x_wconf 87' lang='lat' dir='ltr'><strong>quae</strong></span> <span class='ocrx_word' id='word_1_95' title='bbox 1085 1878 1195 1943; x_wconf 85' lang='lat' dir='ltr'><strong>regum</strong></span> <span class='ocrx_word' id='word_1_96' title='bbox 1219 1861 1289 1917; x_wconf 87' lang='lat' dir='ltr'><strong>erat</strong></span> <span class='ocrx_word' id='word_1_97' title='bbox 1310 1855 1450 1918; x_wconf 76' lang='lat' dir='ltr'><strong>facultas</strong></span> 
     </span>
     <span class='ocr_line' id='line_1_15' title="bbox 97 1959 1451 2047; baseline 0.007 -28"><span class='ocrx_word' id='word_1_98' title='bbox 97 2028 103 2039; x_wconf 48' lang='lat'>‚</span> <span class='ocrx_word' id='word_1_99' title='bbox 204 1961 235 2020; x_wconf 91' lang='lat' dir='ltr'><strong>in</strong></span> <span class='ocrx_word' id='word_1_100' title='bbox 259 1959 381 2040; x_wconf 81' lang='lat' dir='ltr'><strong>oppidis</strong></span> <span class='ocrx_word' id='word_1_101' title='bbox 402 1961 584 2045; x_wconf 85' lang='lat' dir='ltr'><strong>fundandis,</strong></span> <span class='ocrx_word' id='word_1_102' title='bbox 606 1966 638 2026; x_wconf 92' lang='lat' dir='ltr'><strong>in</strong></span> <span class='ocrx_word' id='word_1_103' title='bbox 658 1971 772 2026; x_wconf 88' lang='lat' dir='ltr'><strong>senatu</strong></span> <span class='ocrx_word' id='word_1_104' title='bbox 800 1961 1005 2027; x_wconf 85' lang='lat' dir='ltr'><strong>convocando</strong></span> <span class='ocrx_word' id='word_1_105' title='bbox 1026 1969 1139 2047; x_wconf 88' lang='lat' dir='ltr'><strong>postea</strong></span> <span class='ocrx_word' id='word_1_106' title='bbox 1158 1963 1348 2029; x_wconf 86' lang='lat' dir='ltr'><strong>videbimus.</strong></span> <span class='ocrx_word' id='word_1_107' title='bbox 1373 1965 1451 2028; x_wconf 84' lang='lat' dir='ltr'><strong>Ma-</strong></span> 
     </span>
     <span class='ocr_line' id='line_1_16' title="bbox 202 2065 1449 2161; baseline 0.006 -35"><span class='ocrx_word' id='word_1_108' title='bbox 202 2065 288 2161; x_wconf 84' lang='lat' dir='ltr'><strong>xima¹</strong></span> <span class='ocrx_word' id='word_1_109' title='bbox 311 2082 419 2129; x_wconf 86' lang='lat' dir='ltr'><strong>eorum</strong></span> <span class='ocrx_word' id='word_1_110' title='bbox 441 2070 492 2129; x_wconf 89' lang='lat' dir='ltr'><strong>vis</strong></span> <span class='ocrx_word' id='word_1_111' title='bbox 513 2077 610 2152; x_wconf 90' lang='lat' dir='ltr'><strong>atque</strong></span> <span class='ocrx_word' id='word_1_112' title='bbox 632 2070 807 2132; x_wconf 88' lang='lat' dir='ltr'><strong>auctoritas</strong></span> <span class='ocrx_word' id='word_1_113' title='bbox 830 2072 1004 2132; x_wconf 77' lang='lat' dir='ltr'><strong>consistere</strong></span> <span class='ocrx_word' id='word_1_114' title='bbox 1025 2071 1151 2135; x_wconf 74' lang='lat' dir='ltr'><strong>ridetur</strong></span> <span class='ocrx_word' id='word_1_115' title='bbox 1171 2075 1204 2134; x_wconf 93' lang='lat' dir='ltr'><strong>in</strong></span> <span class='ocrx_word' id='word_1_116' title='bbox 1225 2077 1294 2134; x_wconf 89' lang='lat' dir='ltr'><strong>iure</strong></span> <span class='ocrx_word' id='word_1_117' title='bbox 1315 2071 1449 2136; x_wconf 86' lang='lat' dir='ltr'><strong>dicendo</strong></span> 
     </span>
     <span class='ocr_line' id='line_1_17' title="bbox 207 2166 1449 2263; baseline 0.006 -29"><span class='ocrx_word' id='word_1_118' title='bbox 207 2173 261 2235; x_wconf 87' lang='lat' dir='ltr'><strong>vel</strong></span> <span class='ocrx_word' id='word_1_119' title='bbox 292 2173 397 2255; x_wconf 88' lang='lat' dir='ltr'><strong>potius</strong></span> <span class='ocrx_word' id='word_1_120' title='bbox 418 2176 639 2239; x_wconf 86' lang='lat' dir='ltr'><strong>condendo.</strong></span> <span class='ocrx_word' id='word_1_121' title='bbox 688 2179 738 2242; x_wconf 87' lang='grc' dir='ltr'><strong>Εο</strong></span> <span class='ocrx_word' id='word_1_122' title='bbox 760 2166 841 2243; x_wconf 88' lang='lat' dir='ltr'><strong>enim</strong></span> <span class='ocrx_word' id='word_1_123' title='bbox 869 2181 1085 2263; x_wconf 85' lang='lat' dir='ltr'><strong>maximopere</strong></span> <span class='ocrx_word' id='word_1_124' title='bbox 1107 2181 1256 2246; x_wconf 83' lang='lat' dir='ltr'><strong>differunt</strong></span> <span class='ocrx_word' id='word_1_125' title='bbox 1287 2180 1449 2244; x_wconf 86' lang='lat' dir='ltr'><strong>Homerus</strong></span> 
     </span>
     <span class='ocr_line' id='line_1_18' title="bbox 202 2283 1443 2368; baseline 0.006 -24"><span class='ocrx_word' id='word_1_126' title='bbox 202 2293 299 2365; x_wconf 88' lang='lat' dir='ltr'><strong>atque</strong></span> <span class='ocrx_word' id='word_1_127' title='bbox 321 2285 492 2368; x_wconf 85' lang='lat' dir='ltr'><strong>Vergilius,</strong></span> <span class='ocrx_word' id='word_1_128' title='bbox 517 2295 549 2348; x_wconf 95' lang='lat' dir='ltr'><strong>ut</strong></span> <span class='ocrx_word' id='word_1_129' title='bbox 572 2287 626 2350; x_wconf 90' lang='lat' dir='ltr'><strong>ille</strong></span> <span class='ocrx_word' id='word_1_130' title='bbox 647 2291 698 2349; x_wconf 91' lang='lat' dir='ltr'><strong>ius</strong></span> <span class='ocrx_word' id='word_1_131' title='bbox 721 2288 950 2351; x_wconf 85' lang='lat' dir='ltr'><strong>consuetudine</strong></span> <span class='ocrx_word' id='word_1_132' title='bbox 971 2291 1099 2354; x_wconf 86' lang='lat' dir='ltr'><strong>iamiam</strong></span> <span class='ocrx_word' id='word_1_133' title='bbox 1121 2300 1154 2352; x_wconf 88' lang='lat' dir='ltr'><strong>et</strong></span> <span class='ocrx_word' id='word_1_134' title='bbox 1175 2309 1261 2352; x_wconf 88' lang='lat' dir='ltr'><strong>more</strong></span> <span class='ocrx_word' id='word_1_135' title='bbox 1283 2283 1443 2355; x_wconf 84' lang='lat' dir='ltr'><strong>sancitum</strong></span> 
     </span>
     <span class='ocr_line' id='line_1_19' title="bbox 206 2393 1451 2477; baseline 0.007 -26"><span class='ocrx_word' id='word_1_136' title='bbox 206 2411 319 2475; x_wconf 86' lang='lat' dir='ltr'><strong>regum</strong></span> <span class='ocrx_word' id='word_1_137' title='bbox 342 2393 511 2456; x_wconf 86' lang='lat' dir='ltr'><strong>ministerio</strong></span> <span class='ocrx_word' id='word_1_138' title='bbox 534 2395 836 2477; x_wconf 80' lang='lat' dir='ltr'><strong>administrari,</strong></span> <span class='ocrx_word' id='word_1_139' title='bbox 860 2398 922 2472; x_wconf 84' lang='lat' dir='ltr'><strong>hic,</strong></span> <span class='ocrx_word' id='word_1_140' title='bbox 959 2397 1011 2460; x_wconf 90' lang='lat' dir='ltr'><strong>ubi</strong></span> <span class='ocrx_word' id='word_1_141' title='bbox 1033 2397 1135 2461; x_wconf 91' lang='lat' dir='ltr'><strong>nullus</strong></span> <span class='ocrx_word' id='word_1_142' title='bbox 1159 2397 1263 2461; x_wconf 88' lang='lat' dir='ltr'><strong>adhuc</strong></span> <span class='ocrx_word' id='word_1_143' title='bbox 1284 2407 1376 2461; x_wconf 85' lang='lat' dir='ltr'><strong>extat</strong></span> <span class='ocrx_word' id='word_1_144' title='bbox 1398 2400 1451 2460; x_wconf 87' lang='lat' dir='ltr'><strong>le-</strong></span> 
     </span>
     <span class='ocr_line' id='line_1_20' title="bbox 205 2487 1450 2588; baseline 0.002 -28"><span class='ocrx_word' id='word_1_145' title='bbox 205 2517 281 2579; x_wconf 80' lang='lat' dir='ltr'><strong>gum</strong></span> <span class='ocrx_word' id='word_1_146' title='bbox 304 2520 481 2564; x_wconf 91' lang='lat' dir='ltr'><strong>consensus</strong></span> <span class='ocrx_word' id='word_1_147' title='bbox 504 2523 562 2565; x_wconf 92' lang='lat' dir='ltr'><strong>usu</strong></span> <span class='ocrx_word' id='word_1_148' title='bbox 582 2513 741 2588; x_wconf 84' lang='lat' dir='ltr'><strong>receptus,</strong></span> <span class='ocrx_word' id='word_1_149' title='bbox 765 2507 864 2586; x_wconf 87' lang='lat' dir='ltr'><strong>prima</strong></span> <span class='ocrx_word' id='word_1_150' title='bbox 883 2505 958 2567; x_wconf 88' lang='lat' dir='ltr'><strong>iuris</strong></span> <span class='ocrx_word' id='word_1_151' title='bbox 971 2487 1177 2568; x_wconf 86' lang='lat' dir='ltr'><strong>fundamenta</strong></span> <span class='ocrx_word' id='word_1_152' title='bbox 1199 2503 1324 2566; x_wconf 89' lang='lat' dir='ltr'><strong>condi</strong></span> <span class='ocrx_word' id='word_1_153' title='bbox 1344 2504 1450 2566; x_wconf 86' lang='lat' dir='ltr'><strong>saciat.</strong></span> 
     </span>
     <span class='ocr_line' id='line_1_21' title="bbox 206 2594 1450 2705; baseline -0.001 -32"><span class='ocrx_word' id='word_1_154' title='bbox 206 2614 255 2674; x_wconf 87' lang='lat' dir='ltr'><strong>lta</strong></span> <span class='ocrx_word' id='word_1_155' title='bbox 277 2613 491 2678; x_wconf 83' lang='lat' dir='ltr'><strong>Romanorum</strong></span> <span class='ocrx_word' id='word_1_156' title='bbox 512 2594 646 2699; x_wconf 50' lang='lat' dir='ltr'><strong>indolesq</strong></span> <span class='ocrx_word' id='word_1_157' title='bbox 670 2635 732 2699; x_wconf 86' lang='lat' dir='ltr'><strong>qua</strong></span> <span class='ocrx_word' id='word_1_158' title='bbox 753 2619 784 2679; x_wconf 92' lang='lat' dir='ltr'><strong>in</strong></span> <span class='ocrx_word' id='word_1_159' title='bbox 804 2617 929 2699; x_wconf 86' lang='lat' dir='ltr'><strong>legibus</strong></span> <span class='ocrx_word' id='word_1_160' title='bbox 951 2613 1125 2705; x_wconf 85' lang='lat' dir='ltr'><strong>condendis</strong></span> <span class='ocrx_word' id='word_1_161' title='bbox 1157 2633 1235 2699; x_wconf 85' lang='lat' dir='ltr'><strong>prae</strong></span> <span class='ocrx_word' id='word_1_162' title='bbox 1256 2612 1325 2674; x_wconf 85' lang='lat' dir='ltr'><strong>eliis</strong></span> <span class='ocrx_word' id='word_1_163' title='bbox 1347 2612 1450 2674; x_wconf 89' lang='lat' dir='ltr'><strong>omni-</strong></span> 
     </span>
     <span class='ocr_line' id='line_1_22' title="bbox 204 2718 1450 2807; baseline -0.002 -25"><span class='ocrx_word' id='word_1_164' title='bbox 204 2721 265 2782; x_wconf 90' lang='lat' dir='ltr'><strong>bus</strong></span> <span class='ocrx_word' id='word_1_165' title='bbox 286 2740 412 2803; x_wconf 87' lang='lat' dir='ltr'><strong>semper</strong></span> <span class='ocrx_word' id='word_1_166' title='bbox 434 2725 648 2787; x_wconf 85' lang='lat' dir='ltr'><strong>excelluerunt</strong></span> <span class='ocrx_word' id='word_1_167' title='bbox 668 2723 803 2806; x_wconf 85' lang='lat' dir='ltr'><strong>populis,</strong></span> <span class='ocrx_word' id='word_1_168' title='bbox 829 2725 922 2807; x_wconf 90' lang='lat' dir='ltr'><strong>quasi</strong></span> <span class='ocrx_word' id='word_1_169' title='bbox 945 2745 964 2786; x_wconf 93' lang='lat' dir='ltr'><strong>e</strong></span> <span class='ocrx_word' id='word_1_170' title='bbox 984 2723 1117 2805; x_wconf 88' lang='lat' dir='ltr'><strong>speculo</strong></span> <span class='ocrx_word' id='word_1_171' title='bbox 1139 2723 1255 2784; x_wconf 90' lang='lat' dir='ltr'><strong>clucet.</strong></span> <span class='ocrx_word' id='word_1_172' title='bbox 1298 2718 1450 2781; x_wconf 89' lang='lat' dir='ltr'><strong>IndeDi·</strong></span> 
     </span>
     <span class='ocr_line' id='line_1_23' title="bbox 210 2817 1319 2932; baseline 0.005 -44"><span class='ocrx_word' id='word_1_173' title='bbox 210 2823 250 2888; x_wconf 87' lang='lat' dir='ltr'><strong>do</strong></span> <span class='ocrx_word' id='word_1_174' title='bbox 270 2830 383 2912; x_wconf 84' lang='lat' dir='ltr'><strong>regina</strong></span> <span class='ocrx_word' id='word_1_175' title='bbox 405 2832 432 2911; x_wconf 83' lang='lat' dir='ltr'><strong>l,</strong></span> <span class='ocrx_word' id='word_1_176' title='bbox 453 2831 517 2894; x_wconf 75' lang='lat'><strong>507</strong></span> <span class='ocrx_word' id='word_1_177' title='bbox 528 2853 535 2890; x_wconf 91' lang='lat'>:</span> <span class='ocrx_word' id='word_1_178' title='bbox 1141 2917 1146 2932; x_wconf 42' lang='grc' dir='ltr'>Ι</span> <span class='ocrx_word' id='word_1_179' title='bbox 1306 2817 1319 2824; x_wconf 50' lang='grc'>”</span> 
     </span>
    </p>

    <p class='ocr_par' dir='ltr' id='par_1_5' title="bbox 288 2955 1205 3036">
     <span class='ocr_line' id='line_1_24' title="bbox 288 2955 1205 3036; baseline 0.003 -23"><span class='ocrx_word' id='word_1_180' title='bbox 288 2955 385 3014; x_wconf 88' lang='lat' dir='ltr'><strong>Iuro</strong></span> <span class='ocrx_word' id='word_1_181' title='bbox 405 2956 525 3016; x_wconf 75' lang='lat' dir='ltr'><strong>dotat</strong></span> <span class='ocrx_word' id='word_1_182' title='bbox 543 2956 736 3034; x_wconf 79' lang='lat' dir='ltr'><strong>teqeeque</strong></span> <span class='ocrx_word' id='word_1_183' title='bbox 757 2960 834 3015; x_wconf 79' lang='lat' dir='ltr'><strong>ciria</strong></span> <span class='ocrx_word' id='word_1_184' title='bbox 856 2974 1047 3036; x_wconf 80' lang='lat' dir='ltr'><strong>operumque</strong></span> <span class='ocrx_word' id='word_1_185' title='bbox 1068 2956 1205 3016; x_wconf 83' lang='lat' dir='ltr'><strong>luderem</strong></span> 
     </span>
    </p>

    <p class='ocr_par' dir='ltr' id='par_1_6' title="bbox 207 3061 1444 3253">
     <span class='ocr_line' id='line_1_25' title="bbox 288 3061 1087 3142; baseline 0.001 -19"><span class='ocrx_word' id='word_1_186' title='bbox 288 3061 440 3123; x_wconf 82' lang='lat' dir='ltr'><strong>Partibus</strong></span> <span class='ocrx_word' id='word_1_187' title='bbox 462 3065 617 3142; x_wconf 78' lang='lat' dir='ltr'><strong>aequabat</strong></span> <span class='ocrx_word' id='word_1_188' title='bbox 635 3067 729 3127; x_wconf 82' lang='lat' dir='ltr'><strong>iuetta</strong></span> <span class='ocrx_word' id='word_1_189' title='bbox 750 3071 809 3124; x_wconf 88' lang='lat' dir='ltr'><strong>uut</strong></span> <span class='ocrx_word' id='word_1_190' title='bbox 827 3070 912 3124; x_wconf 80' lang='lat' dir='ltr'><strong>corte</strong></span> <span class='ocrx_word' id='word_1_191' title='bbox 932 3065 1087 3124; x_wconf 78' lang='lat' dir='ltr'><strong>trudebat.</strong></span> 
     </span>
     <span class='ocr_line' id='line_1_26' title="bbox 207 3167 1444 3253; baseline 0.003 -25"><span class='ocrx_word' id='word_1_192' title='bbox 207 3168 259 3229; x_wconf 90' lang='lat' dir='ltr'><strong>ubi</strong></span> <span class='ocrx_word' id='word_1_193' title='bbox 281 3187 342 3228; x_wconf 93' lang='lat' dir='ltr'><strong>non</strong></span> <span class='ocrx_word' id='word_1_194' title='bbox 362 3169 465 3229; x_wconf 91' lang='lat' dir='ltr'><strong>solnm</strong></span> <span class='ocrx_word' id='word_1_195' title='bbox 486 3169 635 3230; x_wconf 87' lang='lat' dir='ltr'><strong>iustitiam</strong></span> <span class='ocrx_word' id='word_1_196' title='bbox 648 3187 724 3231; x_wconf 88' lang='lat' dir='ltr'><strong>esse</strong></span> <span class='ocrx_word' id='word_1_197' title='bbox 745 3168 1004 3249; x_wconf 83' lang='lat' dir='ltr'><strong>administratam,</strong></span> <span class='ocrx_word' id='word_1_198' title='bbox 1024 3167 1330 3253; x_wconf 88' lang='lat' dir='ltr'><strong>sedopcraquoquc</strong></span> <span class='ocrx_word' id='word_1_199' title='bbox 1352 3190 1444 3232; x_wconf 92' lang='lat' dir='ltr'><strong>com-</strong></span> 
     </span>
    </p>
   </div>
   <div class='ocr_carea' id='block_1_5' title="bbox 76 3257 1452 3362">
    <p class='ocr_par' dir='ltr' id='par_1_7' title="bbox 76 3257 1452 3362">
     <span class='ocr_line' id='line_1_27' title="bbox 76 3257 1452 3362; baseline -0.004 -20"><span class='ocrx_word' id='word_1_200' title='bbox 76 3336 84 3350; x_wconf 76' lang='lat'>,</span> <span class='ocrx_word' id='word_1_201' title='bbox 204 3283 312 3342; x_wconf 91' lang='lat' dir='ltr'><strong>munia</strong></span> <span class='ocrx_word' id='word_1_202' title='bbox 320 3280 435 3342; x_wconf 86' lang='lat' dir='ltr'><strong>uiritim</strong></span> <span class='ocrx_word' id='word_1_203' title='bbox 448 3279 613 3344; x_wconf 88' lang='lat' dir='ltr'><strong>distributa</strong></span> <span class='ocrx_word' id='word_1_204' title='bbox 624 3280 788 3346; x_wconf 83' lang='lat' dir='ltr'><strong>observes.</strong></span> <span class='ocrx_word' id='word_1_205' title='bbox 810 3281 954 3343; x_wconf 69' lang='lat' dir='ltr'><strong>Eandem</strong></span> <span class='ocrx_word' id='word_1_206' title='bbox 976 3279 1144 3362; x_wconf 88' lang='lat' dir='ltr'><strong>alloquitur</strong></span> <span class='ocrx_word' id='word_1_207' title='bbox 1165 3279 1297 3341; x_wconf 85' lang='lat' dir='ltr'><strong>Aeneas</strong></span> <span class='ocrx_word' id='word_1_208' title='bbox 1319 3278 1346 3353; x_wconf 86' lang='lat'><strong>1,</strong></span> <span class='ocrx_word' id='word_1_209' title='bbox 1367 3257 1452 3340; x_wconf 75' lang='lat'><strong>5222</strong></span> 
     </span>
    </p>
   </div>
   <div class='ocr_carea' id='block_1_6' title="bbox 206 3387 1346 4122">
    <p class='ocr_par' dir='ltr' id='par_1_8' title="bbox 206 3387 1346 4122">
     <span class='ocr_line' id='line_1_28' title="bbox 292 3387 1048 3469; baseline -0.003 -19"><span class='ocrx_word' id='word_1_210' title='bbox 292 3387 320 3450; x_wconf 90' lang='lat'><strong><em>0</em></strong></span> <span class='ocrx_word' id='word_1_211' title='bbox 340 3393 465 3469; x_wconf 75' lang='lat' dir='ltr'><strong>rupina,</strong></span> <span class='ocrx_word' id='word_1_212' title='bbox 479 3389 599 3448; x_wconf 75' lang='lat' dir='ltr'><strong>&#39;uocum</strong></span> <span class='ocrx_word' id='word_1_213' title='bbox 620 3389 753 3449; x_wconf 82' lang='lat' dir='ltr'><strong>condere</strong></span> <span class='ocrx_word' id='word_1_214' title='bbox 774 3390 918 3466; x_wconf 80' lang='lat' dir='ltr'><strong>Iuppiter</strong></span> <span class='ocrx_word' id='word_1_215' title='bbox 938 3387 1048 3448; x_wconf 82' lang='lat' dir='ltr'><strong>urbem</strong></span> 
     </span>
     <span class='ocr_line' id='line_1_29' title="bbox 292 3496 1107 3577; baseline 0.001 -20"><span class='ocrx_word' id='word_1_216' title='bbox 292 3496 531 3577; x_wconf 79' lang='lat' dir='ltr'><strong>Iustitiaque</strong></span> <span class='ocrx_word' id='word_1_217' title='bbox 552 3499 637 3558; x_wconf 82' lang='lat' dir='ltr'><strong>dedit</strong></span> <span class='ocrx_word' id='word_1_218' title='bbox 652 3503 766 3574; x_wconf 79' lang='lat' dir='ltr'><strong>qeutee</strong></span> <span class='ocrx_word' id='word_1_219' title='bbox 783 3499 920 3575; x_wconf 72' lang='lat' dir='ltr'><strong>frenare</strong></span> <span class='ocrx_word' id='word_1_220' title='bbox 939 3497 1107 3574; x_wconf 83' lang='lat' dir='ltr'><strong>euperdoe.</strong></span> 
     </span>
     <span class='ocr_line' id='line_1_30' title="bbox 206 3597 1346 3683; baseline -0.004 -19"><span class='ocrx_word' id='word_1_221' title='bbox 206 3605 280 3683; x_wconf 90' lang='lat' dir='ltr'><strong>lpse</strong></span> <span class='ocrx_word' id='word_1_222' title='bbox 302 3603 434 3664; x_wconf 87' lang='lat' dir='ltr'><strong>Aeneas</strong></span> <span class='ocrx_word' id='word_1_223' title='bbox 456 3601 585 3665; x_wconf 82' lang='lat' dir='ltr'><strong>Cretam</strong></span> <span class='ocrx_word' id='word_1_224' title='bbox 606 3601 765 3666; x_wconf 88' lang='lat' dir='ltr'><strong>advectus</strong></span> <span class='ocrx_word' id='word_1_225' title='bbox 788 3601 901 3683; x_wconf 88' lang='lat' dir='ltr'><strong>oppido</strong></span> <span class='ocrx_word' id='word_1_226' title='bbox 922 3621 1008 3664; x_wconf 85' lang='lat' dir='ltr'><strong>novo</strong></span> <span class='ocrx_word' id='word_1_227' title='bbox 1029 3602 1160 3665; x_wconf 88' lang='lat' dir='ltr'><strong>fundato</strong></span> <span class='ocrx_word' id='word_1_228' title='bbox 1184 3600 1245 3679; x_wconf 89' lang='lat' dir='ltr'><strong>Ill,</strong></span> <span class='ocrx_word' id='word_1_229' title='bbox 1271 3597 1346 3662; x_wconf 80' lang='lat'><strong>137:</strong></span> 
     </span>
     <span class='ocr_line' id='line_1_31' title="bbox 568 3710 1229 3791; baseline -0.014 -16"><span class='ocrx_word' id='word_1_230' title='bbox 568 3719 571 3726; x_wconf 89' lang='lat'>&#39;</span> <span class='ocrx_word' id='word_1_231' title='bbox 796 3714 819 3772; x_wconf 86' lang='lat'><em>1</em></span> <span class='ocrx_word' id='word_1_232' title='bbox 822 3733 843 3772; x_wconf 93' lang='lat' dir='ltr'><strong>u</strong></span> <span class='ocrx_word' id='word_1_233' title='bbox 853 3732 899 3771; x_wconf 86' lang='lat' dir='ltr'><strong>ra</strong></span> <span class='ocrx_word' id='word_1_234' title='bbox 919 3713 1087 3791; x_wconf 79' lang='lat' dir='ltr'><strong>eternaeque</strong></span> <span class='ocrx_word' id='word_1_235' title='bbox 1108 3710 1229 3770; x_wconf 85' lang='lat' dir='ltr'><strong>dodum.</strong></span> 
     </span>
     <span class='ocr_line' id='line_1_32' title="bbox 210 3820 559 3905; baseline 0.011 -21"><span class='ocrx_word' id='word_1_236' title='bbox 210 3821 357 3884; x_wconf 90' lang='lat' dir='ltr'><strong>Priamus</strong></span> <span class='ocrx_word' id='word_1_237' title='bbox 378 3820 454 3905; x_wconf 83' lang='lat' dir='ltr'><strong>Vn,</strong></span> <span class='ocrx_word' id='word_1_238' title='bbox 477 3823 559 3888; x_wconf 80' lang='lat'><strong>246:</strong></span> 
     </span>
     <span class='ocr_line' id='line_1_33' title="bbox 291 3931 1227 4012; baseline -0.011 -14"><span class='ocrx_word' id='word_1_239' title='bbox 291 3937 367 4006; x_wconf 78' lang='lat' dir='ltr'><strong>Hoc,</strong></span> <span class='ocrx_word' id='word_1_240' title='bbox 392 3938 516 3998; x_wconf 82' lang='lat' dir='ltr'><strong>Priami</strong></span> <span class='ocrx_word' id='word_1_241' title='bbox 543 3941 707 4012; x_wconf 71' lang='lat' dir='ltr'><strong>pertemere</strong></span> <span class='ocrx_word' id='word_1_242' title='bbox 738 3939 821 4012; x_wconf 82' lang='lat' dir='ltr'><strong>erat,</strong></span> <span class='ocrx_word' id='word_1_243' title='bbox 851 3936 949 4011; x_wconf 87' lang='lat' dir='ltr'><strong>quum</strong></span> <span class='ocrx_word' id='word_1_244' title='bbox 983 3934 1075 3990; x_wconf 77' lang='lat' dir='ltr'><strong>iuro</strong></span> <span class='ocrx_word' id='word_1_245' title='bbox 1106 3931 1227 3990; x_wconf 84' lang='lat' dir='ltr'><strong>oocotie</strong></span> 
     </span>
     <span class='ocr_line' id='line_1_34' title="bbox 294 4019 1235 4122; baseline -0.006 -19"><span class='ocrx_word' id='word_1_246' title='bbox 294 4043 387 4103; x_wconf 87' lang='lat' dir='ltr'><strong>More</strong></span> <span class='ocrx_word' id='word_1_247' title='bbox 421 4043 513 4102; x_wconf 81' lang='lat' dir='ltr'><strong>duret</strong></span> <span class='ocrx_word' id='word_1_248' title='bbox 532 4041 675 4122; x_wconf 79' lang='lat' dir='ltr'><strong>populis,</strong></span> <span class='ocrx_word' id='word_1_249' title='bbox 696 4047 918 4119; x_wconf 77' lang='lat' dir='ltr'><strong>sceptrumque</strong></span> <span class='ocrx_word' id='word_1_250' title='bbox 942 4019 1098 4116; x_wconf 79' lang='lat' dir='ltr'><strong>eucerque</strong></span> <span class='ocrx_word' id='word_1_251' title='bbox 1125 4042 1235 4098; x_wconf 82' lang='lat' dir='ltr'><strong>tiarae.</strong></span> 
     </span>
    </p>
   </div>
   <div class='ocr_carea' id='block_1_7' title="bbox 213 4165 1194 4366">
    <p class='ocr_par' dir='ltr' id='par_1_9' title="bbox 213 4165 1194 4366">
     <span class='ocr_line' id='line_1_35' title="bbox 213 4165 581 4242; baseline 0 -13"><span class='ocrx_word' id='word_1_252' title='bbox 213 4170 355 4230; x_wconf 88' lang='lat' dir='ltr'><strong>Acestes</strong></span> <span class='ocrx_word' id='word_1_253' title='bbox 377 4166 419 4242; x_wconf 90' lang='lat' dir='ltr'><strong>V,</strong></span> <span class='ocrx_word' id='word_1_254' title='bbox 441 4165 515 4229; x_wconf 81' lang='lat'><strong>759:</strong></span> <span class='ocrx_word' id='word_1_255' title='bbox 579 4165 581 4172; x_wconf 84' lang='lat'>&#39;</span> 
     </span>
     <span class='ocr_line' id='line_1_36' title="bbox 293 4274 1194 4366; baseline -0.007 -29"><span class='ocrx_word' id='word_1_256' title='bbox 293 4277 471 4355; x_wconf 74' lang='lat' dir='ltr'><strong>[edicitque</strong></span> <span class='ocrx_word' id='word_1_257' title='bbox 495 4279 604 4366; x_wconf 85' lang='lat' dir='ltr'><strong>[crum</strong></span> <span class='ocrx_word' id='word_1_258' title='bbox 624 4281 656 4335; x_wconf 87' lang='lat' dir='ltr'><strong>et</strong></span> <span class='ocrx_word' id='word_1_259' title='bbox 677 4274 824 4354; x_wconf 81' lang='lat' dir='ltr'><strong>putridus</strong></span> <span class='ocrx_word' id='word_1_260' title='bbox 851 4275 907 4334; x_wconf 87' lang='lat' dir='ltr'><strong>dat</strong></span> <span class='ocrx_word' id='word_1_261' title='bbox 940 4277 1034 4334; x_wconf 78' lang='lat' dir='ltr'><strong>iuro</strong></span> <span class='ocrx_word' id='word_1_262' title='bbox 1068 4276 1194 4334; x_wconf 83' lang='lat' dir='ltr'><strong>cucutia.</strong></span> 
     </span>
    </p>
   </div>
   <div class='ocr_carea' id='block_1_8' title="bbox 210 4397 1446 4824">
    <p class='ocr_par' dir='ltr' id='par_1_10' title="bbox 210 4397 1446 4603">
     <span class='ocr_line' id='line_1_37' title="bbox 210 4397 1446 4472; baseline -0.011 -5"><span class='ocrx_word' id='word_1_263' title='bbox 210 4405 262 4467; x_wconf 91' lang='lat' dir='ltr'><strong>ubi</strong></span> <span class='ocrx_word' id='word_1_264' title='bbox 279 4403 412 4468; x_wconf 71' lang='lat' dir='ltr'><strong>&#39;lorum</strong></span> <span class='ocrx_word' id='word_1_265' title='bbox 433 4402 633 4466; x_wconf 88' lang='lat' dir='ltr'><strong>indictum</strong></span> <span class='ocrx_word' id='word_1_266' title='bbox 654 4423 673 4465; x_wconf 88' lang='lat' dir='ltr'><strong>e</strong></span> <span class='ocrx_word' id='word_1_267' title='bbox 704 4403 852 4468; x_wconf 84' lang='lat' dir='ltr'><strong>Romana</strong></span> <span class='ocrx_word' id='word_1_268' title='bbox 873 4398 1106 4472; x_wconf 77' lang='lat' dir='ltr'><strong>consuetudine</strong></span> <span class='ocrx_word' id='word_1_269' title='bbox 1126 4405 1246 4463; x_wconf 85' lang='lat' dir='ltr'><strong>notato.</strong></span> <span class='ocrx_word' id='word_1_270' title='bbox 1290 4397 1446 4468; x_wconf 80' lang='lat' dir='ltr'><strong>Saturnus</strong></span> 
     </span>
     <span class='ocr_line' id='line_1_38' title="bbox 212 4511 1271 4603; baseline 0.001 -27"><span class='ocrx_word' id='word_1_271' title='bbox 212 4513 307 4594; x_wconf 79' lang='lat' dir='ltr'><strong>Vlll,</strong></span> <span class='ocrx_word' id='word_1_272' title='bbox 326 4511 401 4578; x_wconf 77' lang='lat'><strong>322:</strong></span> <span class='ocrx_word' id='word_1_273' title='bbox 431 4542 436 4550; x_wconf 93' lang='lat'>·</span> <span class='ocrx_word' id='word_1_274' title='bbox 1145 4599 1147 4603; x_wconf 18' lang='grc' dir='ltr'>Ι</span> <span class='ocrx_word' id='word_1_275' title='bbox 1268 4570 1271 4577; x_wconf 78' lang='grc'>,</span> 
     </span>
    </p>

    <p class='ocr_par' dir='ltr' id='par_1_11' title="bbox 295 4636 1197 4714">
     <span class='ocr_line' id='line_1_39' title="bbox 295 4636 1197 4714; baseline -0.003 -15"><span class='ocrx_word' id='word_1_276' title='bbox 295 4639 331 4700; x_wconf 86' lang='lat' dir='ltr'><strong>Ie</strong></span> <span class='ocrx_word' id='word_1_277' title='bbox 355 4655 460 4714; x_wconf 78' lang='lat' dir='ltr'><strong>qenue</strong></span> <span class='ocrx_word' id='word_1_278' title='bbox 492 4636 625 4700; x_wconf 80' lang='lat' dir='ltr'><strong>indocile</strong></span> <span class='ocrx_word' id='word_1_279' title='bbox 653 4656 692 4700; x_wconf 80' lang='lat' dir='ltr'><strong>uc</strong></span> <span class='ocrx_word' id='word_1_280' title='bbox 722 4638 905 4713; x_wconf 72' lang='lat' dir='ltr'><strong>dispeream</strong></span> <span class='ocrx_word' id='word_1_281' title='bbox 935 4637 1093 4697; x_wconf 67' lang='lat' dir='ltr'><strong>eumue</strong></span> <span class='ocrx_word' id='word_1_282' title='bbox 1120 4636 1197 4696; x_wconf 77' lang='lat' dir='ltr'><strong>ottie</strong></span> 
     </span>
    </p>

    <p class='ocr_par' dir='ltr' id='par_1_12' title="bbox 298 4743 1145 4824">
     <span class='ocr_line' id='line_1_40' title="bbox 298 4743 1145 4824; baseline -0.004 -16"><span class='ocrx_word' id='word_1_283' title='bbox 298 4745 498 4824; x_wconf 71' lang='lat' dir='ltr'><strong>uempeeuu,</strong></span> <span class='ocrx_word' id='word_1_284' title='bbox 521 4744 697 4823; x_wconf 77' lang='lat' dir='ltr'><strong>teporque</strong></span> <span class='ocrx_word' id='word_1_285' title='bbox 717 4743 810 4806; x_wconf 80' lang='lat' dir='ltr'><strong>dedit·</strong></span> <span class='ocrx_word' id='word_1_286' title='bbox 1143 4748 1145 4751; x_wconf 81' lang='grc'><strong>’</strong></span> 
     </span>
    </p>
   </div>
   <div class='ocr_carea' id='block_1_9' title="bbox 0 0 1504 5184">
    <p class='ocr_par' dir='ltr' id='par_1_13' title="bbox 0 0 1504 5184">
     <span class='ocr_line' id='line_1_41' title="bbox 0 0 1504 5184; baseline 0 0"><span class='ocrx_word' id='word_1_287' title='bbox 0 0 1504 5184; x_wconf 95' lang='lat' dir='ltr'><strong> </strong></span> 
     </span>
    </p>
   </div>
  </div>
 </body>
</html>
