3000 5184
142 160 211 222 -’
311 168 354 230 tt
554 255 557 266 .
693 165 1162 233 neeastrorumtorma.
1256 161 1259 169 '

180 319 185 326 ’
249 324 276 394 ’ὅ
312 371 383 413 mou
404 369 509 412 rerum
530 349 657 412 babitus
679 303 874 428 inomnibus
896 349 939 411 sit
970 349 1172 429 conspicuus.
1224 346 1318 426 Quae
1339 347 1424 426 apud
1448 348 1497 409 P⁰

314 459 398 522 bium
410 459 470 540 Vl,
482 458 545 538 27„
561 458 730 540 vegetium
748 459 777 532 1,
791 456 841 524 23.
862 456 943 519 alios
964 456 1004 518 de
1028 475 1135 532 eorum
1158 458 1397 539 earistruotioue
1420 476 1496 517 narr

314 579 373 647 tur,
397 570 435 633 aul
461 573 572 651 poesin
595 579 732 649 nostram
755 569 908 650 quadrant
929 569 1100 650 aptissime.
1141 569 1217 629 Non
1240 551 1319 629 enim
1343 575 1449 629 mente
1467 586 1500 642 a]

307 681 517 761 looumsquo
534 679 644 739 Atrum
666 681 770 739 omnia
790 697 898 740 seeum
922 685 1096 757 portantem
1120 677 1232 760 pingit,
1255 675 1376 758 Georg.
1393 675 1453 745 111,

394 788 469 848 Non
490 808 585 847 secato
607 809 645 848 oo
664 792 781 865 patriis
802 808 874 848 acer
893 790 1059 850 Mmunua
1079 793 1113 847 in
1135 792 1233 850 arnoia

395 899 518 957 Iniuste
541 897 599 954 aub
617 898 711 973 foece
731 900 813 955 oium
834 916 904 956 eum
926 901 1037 975 carpit,
1060 903 1091 956 et
1112 898 1198 956 boeti

395 1003 481 1066 Ante
502 1011 719 1080 eeapectotum
736 1006 889 1080 positia
909 1011 976 1064 atat
994 1009 1028 1064 in
1049 1009 1175 1081 apmine
1196 1007 1362 1065 contria.

312 1132 417 1194 neque
446 1102 524 1187 eos,¹
554 1112 664 1193 quibus
693 1112 849 1172 'l'roianos
871 1118 977 1172 caetra
999 1114 1107 1193 fovere
1130 1113 1210 1172 Aeo.
1233 1112 1297 1190 tx,
1328 1109 1381 1170 57.
1390 1156 1403 1186 ,
1426 1132 1498 1172 aero

313 1224 372 1297 IX,
393 1221 462 1301 43.,’
477 1241 600 1280 mouere
620 1220 684 1304 111,
705 1219 777 1281 519.
799 1222 857 1296 XI,
879 1221 950 1282 446.
970 1222 1028 1284 ait:
1051 1218 1108 1281 sed
1129 1221 1243 1301 quibus
1259 1228 1378 1281 certum
1396 1221 1481 1300 quod

313 1331 440 1410 signum
451 1373 463 1411 ‚
488 1307 589 1389 vlirram
619 1328 753 1409 aliquam
770 1331 916 1409 ¹speeiem
940 1337 972 1390 et
994 1331 1084 1409 quasi
1107 1327 1243 1409 effigiem
1265 1327 1410 1396 delineat
1460 1329 1490 1406 Q

311 1456 389 1499 vero
413 1436 579 1498 Vitruvius
601 1453 758 1496 nummum
779 1453 905 1515 semper
925 1436 994 1497 fore
1015 1444 1116 1519 ratus,
1139 1446 1174 1498 ut
1195 1437 1381 1498 electionem
1401 1456 1485 1519 oppo

312 1566 419 1627 norum
448 1546 588 1606 locorum
611 1542 843 1623 salubriumque
875 1543 981 1618 (1‚t.
1003 1543 1032 1604 7.
1056 1543 1098 1618 V,
1119 1541 1147 1606 3.
1174 1544 1221 1608 10.
1242 1545 1304 1626 Vl,
1328 1549 1353 1606 l.
1375 1544 1426 1623 2.)
1455 1565 1500 1606 ur.

246 1649 248 1652 ⁴
311 1663 353 1729 at,
379 1653 410 1715 id
433 1655 463 1713 in
486 1651 598 1714 eastris
620 1649 775 1731 ponendis
797 1649 1011 1732 maximopere
1033 1660 1084 1712 est
1095 1651 1314 1732 spectandum.
1357 1653 1465 1730 Quare

207 1800 208 1806 κ
312 1765 419 1848 getius
440 1764 471 1838 1,
493 1762 548 1824 22:
592 1761 736 1842 „Castra
758 1769 883 1842 urrtem,
907 1760 1016 1840 inquit,
1037 1761 1224 1839 praesertim
1245 1759 1339 1821 hoste
1359 1761 1464 1822 vicino
1485 1770 1498 1822 t

312 1889 438 1953 semper
471 1869 614 1932 facienda
646 1878 720 1930 suut
746 1871 840 1945 loeo,
871 1870 920 1931 ubi
960 1878 992 1932 et
1023 1869 1175 1952 lignorum
1205 1879 1237 1931 et
1257 1868 1362 1949 pabuli
1385 1878 1417 1931 et
1449 1888 1487 1948 aq

206 2003 207 2007 ¹
312 1988 461 2062 suppetat
492 1979 592 2058 eopia.
635 1976 676 2038 itt
702 1978 729 2037 si
765 1974 879 2038 diutius
910 1979 1167 2041 commorandum
1199 1982 1262 2061 sit,
1289 1978 1351 2041 luni
1378 1978 1499 2040 salubr’

313 2087 458 2169 eligetur,
502 2081 688 2145 Cavendum
711 2087 805 2144 etiam
829 2103 868 2143 ne
889 2103 979 2144 moos
1001 2085 1042 2145 sit
1064 2076 1323 2161 vioious'allior,
1352 2087 1404 2166 qui
1428 2087 1467 2147 ab
1497 2114 1499 2136 ι

314 2197 464 2258 versariis
497 2206 611 2276 nuptus
643 2195 745 2274 possit
773 2191 934 2254 officere.“
978 2178 1070 2270 Quae
1093 2203 1199 2257 autem
1222 2192 1289 2256 looa
1312 2196 1500 2257 tutissimo

233 2311 234 2317 ’
313 2312 346 2367 et
367 2304 588 2384 munitissima,
610 2303 730 2364 Hirtius
753 2304 848 2366 tradit
870 2305 904 2364 B.
928 2305 1020 2366 Alex.
1042 2305 1100 2368 28:
1119 2303 1431 2387 „Consederateum
1454 2324 1490 2367 eo

311 2433 370 2476 rex
392 2413 463 2474 loeo
487 2423 597 2477 nature
620 2415 756 2488 munito,
780 2415 952 2497 quoderat
974 2416 1043 2495 ipse
1063 2415 1237 2494 excelsior,
1265 2415 1394 2494 planitie
1416 2432 1459 2474 ex
1480 2433 1498 2473 o

312 2521 404 2582 uibus
430 2524 572 2603 partibus
592 2522 762 2617 ¹subiecta,
797 2524 895 2585 tribus
927 2533 1034 2585 autem
1063 2543 1104 2585 ex
1136 2523 1282 2584 lateribus
1309 2523 1407 2584 variis
1434 2543 1495 2606 gen

311 2629 533 2691 munitionibus
552 2631 733 2715 tegebatur,
773 2632 875 2694 Unum
901 2631 984 2691 latus
1006 2639 1073 2691 erat
1095 2628 1250 2693 adiectum
1283 2629 1441 2691 flumini

313 2737 445 2800 alterum
468 2736 700 2800 editissimo
724 2739 812 2800 loeo
835 2738 974 2819 ductum,
998 2747 1032 2800 ut
1051 2745 1172 2819 partem
1196 2750 1371 2800 castrorum
1388 2738 1492 2800 obtine

313 2847 437 2906 tertium
469 2843 617 2925 palude
651 2845 864 2928 cingebatur.“
883 2899 889 2914 x
910 2844 1003 2906 Haeo
1026 2847 1127 2906 omnia
1147 2850 1179 2908 in
1201 2858 1307 2909 eastra
1328 2849 1381 2908 vel
1404 2846 1494 2926 oppid

216 2989 220 2997 x
310 2951 352 3012 'ab
382 2955 492 3016 Aenea
525 2957 682 3018 eonditum
713 2957 884 3018 convenire
918 2955 1073 3017 videntur.
1117 2956 1194 3018 Ruit
1216 2957 1299 3016 enim
1321 2957 1438 3016 fluvius
1458 2953 1497 3013 ibi

311 3079 406 3122 mare.
449 3060 500 3122 Cf.
523 3063 576 3123 lX.
598 3063 673 3123 467:

391 3170 560 3231 Aeneadae
581 3170 655 3228 duri
674 3189 836 3230 murorum
857 3173 891 3227 in
910 3176 1003 3245 parte
1025 3171 1158 3227 ainiolra
1226 3228 1229 3233 ,

393 3276 575 3354 Oppoeuere
596 3283 704 3350 uelem,
729 3309 769 3320 —
791 3297 865 3337 nam
886 3280 1020 3337 dextera
1041 3279 1179 3350 oinpitur
1198 3276 1310 3335 amni.

204 3442 207 3448 .
309 3386 345 3445 In
367 3385 436 3465 ipso
459 3402 535 3443 vero
559 3385 656 3445 fluvio
680 3386 818 3445 classem
839 3384 945 3466 posuit
968 3379 1254 3460 teneremini:

386 3491 549 3579 Clauum,
572 3512 652 3571 quae
673 3495 768 3554 lateri
787 3499 967 3552 castrorum
987 3493 1138 3550 adiuncta
1159 3492 1285 3570 latebat,

385 3579 573 3674 ¹Appetitur
596 3606 737 3675 saeptam
761 3603 881 3658 circum
903 3603 936 3657 et
950 3597 1197 3674 fluvialibus
1216 3597 1347 3656 undio.

309 3703 418 3764 Loous
439 3715 488 3764 eat
510 3705 638 3784 editior3
659 3711 693 3764 in
714 3706 805 3764 litore
825 3705 908 3763 enim
930 3702 1023 3781 (Vll,
1049 3701 1122 3772 158)
1144 3703 1248 3780 posita
1262 3709 1349 3777 suut3
1371 3699 1494 3760 immine

308 3819 411 3872 tamen
435 3833 453 3873 e
475 3814 644 3893 longinquo
666 3814 749 3873 silva
770 3832 809 3873 ue
831 3811 927 3889 colle,
950 3811 981 3871 ni
1005 3811 1112 3888 fallor3
1133 3829 1206 3870 nam
1229 3809 1260 3870 V
1263 3809 1326 3886 ΙΙΙ,
1348 3806 1430 3868 6032

396 3923 495 3982 Huuael
512 3924 625 4000 promel
645 3925 719 3982 bine
746 3921 865 3983 Tarobo
891 3927 923 3980 et
946 3922 1104 3999 Tprrbem
1124 3916 1193 3979 tuto
1216 3920 1364 3978 tenebant

391 4027 507 4088 Caetra
528 4030 615 4101 tocie,
640 4031 827 4107 celsoque
848 4033 949 4087 omnia
970 4030 1016 4086 de
1038 4026 1145 4085 eolle
1166 4027 1265 4083 uideri

394 4135 464 4193 Iam
483 4143 607 4212 poterat
628 4137 719 4214 lepte,
740 4142 773 4195 et
792 4136 867 4196 latis
888 4137 1034 4194 tendebat
1055 4137 1090 4191 in
1111 4135 1206 4191 arom.

308 4264 370 4325 uisi
398 4265 441 4325 ita
472 4268 648 4350 intelligere
671 4271 784 4349 maliS,
819 4270 972 4352 legionem
1001 4285 1076 4328 esse
1098 4267 1232 4327 Aeneae
1252 4263 1473 4347 sociorumque

204 4405 207 4409 -
308 4372 436 4455 planum
468 4374 726 4456 advenientium,
761 4395 841 4458 quae
873 4397 893 4438 a
925 4376 1105 4436 'l’arehouto
1134 4373 1369 4459 'l'yrrhenisque
1399 4371 1439 4434 de
1461 4389 1497 4432 oo

308 4479 340 4543 id
362 4490 424 4562 est,
447 4481 581 4561 desuper
603 4502 644 4543 ex
666 4485 745 4563 ipsis
768 4470 882 4546 caetris
904 4486 1147 4564 conspiciantur.
1192 4481 1284 4560 Quod
1301 4482 1440 4563 argutius
1461 4499 1498 4560 qu

307 4609 420 4660 verum
442 4590 611 4659 videbitur.
653 4592 761 4657 'l'ertio
783 4592 864 4652 haee
885 4595 1016 4651 Aeneae
1031 4599 1138 4651 eastra
1152 4589 1278 4670 pallude
1291 4588 1439 4650 videntur
1449 4588 1500 4649 fu'

223 4725 225 4727 >
307 4700 435 4766 munitm
478 4699 581 4760 Poeta
607 4697 724 4760 saltem
746 4698 786 4760 de
807 4700 916 4762 'l'uruo
937 4701 998 4762 huo
1018 4701 1091 4763 illue
1112 4699 1255 4782 fugiente
1275 4699 1350 4780 xli,
1370 4698 1450 4780 7th
