3000 5184
289 241 350 304 118
786 237 844 300 De
867 199 1043 299 loedere.

284 434 319 485 ot
339 423 400 504 igni
424 415 673 485 interdicimus.“
716 423 847 483 Aeneas
868 420 941 496 llll,
975 419 1042 483 181.
1085 412 1238 481 llontea‘
1279 414 1493 496 lluvloaqn

244 524 251 530 ’
283 539 381 593 vocat
410 540 441 594 et
468 532 594 594 numina
623 531 722 612 ponti,
753 529 888 592 Latinae
908 528 981 591 aet.
1003 529 1136 606 lovem,
1167 527 1221 607 qui
1241 522 1373 587 foedera
1395 523 1483 584 inimi

284 643 408 724 sancit,
431 642 565 704 Latinus
588 659 661 704 aras
681 642 801 722 tangit,
823 640 1007 722 mediosque
1036 640 1166 722 ignea.
1208 638 1301 716 Aqua
1335 631 1434 715 igitur
1464 653 1495 690 ιι

284 753 355 810 siue
376 749 497 811 ratione
518 748 603 830 apud
616 729 799 832 'Vergilium
820 751 852 809 in
874 765 934 808 usu
956 755 1016 823 est,
1037 744 1119 827 apud
1132 745 1307 806 Homerum
1331 743 1367 803 ll.
1381 742 1437 809 lll,
1459 748 1463 758 ¹

284 841 472 937 βασιλεῦσιν
493 854 618 938 quidem
638 844 726 940 ὕδωρ
748 848 804 916 ἐπὶ
825 853 938 938 χεῖρας
959 830 1088 930 ἔχὲυαν,
1121 852 1180 914 aed
1210 852 1290 913 lnaeo
1310 848 1454 930 vulgaris
1475 848 1494 906 il

231 1009 234 1020 .
284 960 325 1023 ad
355 963 458 1024 omnia
487 963 637 1024 convivia
662 971 694 1024 et
721 962 879 1024 saorideia
903 970 954 1022 eat
982 979 1129 1023 manuum
1154 961 1288 1035 ablutio3
1323 979 1342 1020 e
1368 958 1482 1038 religio

286 1067 424 1132 loedoria
446 1078 551 1132 autem
573 1071 712 1132 vinum
735 1087 911 1150 praecones
927 1076 1093 1149 apportant
1114 1069 1171 1147 lll,
1182 1068 1259 1129 246:
1280 1053 1366 1127 οἶνον
1376 1057 1473 1149 ἕΰφρ

286 1165 411 1261 καρπὸν
431 1164 580 1262 ἀρούρης,
601 1187 633 1240 et
652 1177 729 1240 269:
753 1172 889 1260 tpmripa
909 1169 947 1236 dd
969 1159 1053 1236 elaea
1072 1167 1216 1255 Mloyov‚'
1231 1175 1312 1238 295:
1337 1161 1433 1235 Οἶνον
1454 1169 1500 1233 δ’

286 1281 446 1372 κρητῆρος
466 1273 690 1370 ἀφυσσάμενοι
711 1271 889 1350 δεπάεσσιν
905 1268 1049 1359 Ἔνχεον,
1061 1290 1442 1363 preeanturspeetatores
1466 1288 1500 1339 tr

162 1415 165 1426 ·
280 1381 356 1456 Ὧδέ
379 1391 437 1477 σφ’
459 1387 637 1478 ἐγκέφαλος
656 1380 799 1472 χαμάδις
820 1388 900 1474 ῥέοι,
921 1377 966 1464 ὠς
985 1380 1043 1452 dde
1065 1378 1167 1467 οἶνος,·
1189 1388 1274 1471 apud
1294 1392 1473 1472 Vergilium
1497 1419 1500 1447 ι

288 1512 407 1563 eertum
426 1503 550 1584 quidem
566 1512 627 1585 est,
649 1511 754 1564 utrum
770 1502 876 1564 libatio
900 1500 966 1563 174.
989 1501 1189 1579 (paterisque
1209 1502 1326 1560 altaria
1348 1497 1469 1576 libant)
1497 1524 1500 1530 ·

289 1609 366 1686 vini,
387 1630 426 1672 au
448 1612 553 1690 potius
574 1630 684 1698 aquae.
725 1609 820 1692 Apud
844 1611 1016 1672 Homerum
1046 1609 1130 1689 ignis
1161 1608 1245 1669 nulla
1274 1609 1410 1689 mentio,
1444 1628 1498 1690 ap

238 1804 240 1808 Ι
287 1718 466 1801 Vergilium
490 1719 558 1781 119.
581 1720 697 1782 attat.
719 1728 752 1782 et
774 1720 839 1781 171.
852 1718 892 1780 de
908 1721 1123 1798 staqraatidaa
1144 1723 1212 1780 aria
1231 1735 1338 1779 sermo
1358 1725 1497 1798 est‚atqr

288 1824 329 1887 de
351 1824 463 1888 eodem
484 1825 536 1888 illo
560 1827 700 1911 loedere,
725 1827 807 1908 quod
832 1830 948 1890 Livius
970 1830 996 1912 1,
1018 1830 1069 1892 td
1091 1829 1221 1890 brevius
1245 1827 1465 1906 describique

288 1921 465 2017 Dionysius
488 1937 558 1998 llal.
584 1937 624 1997 A.
648 1936 686 1999 ll.
710 1939 765 2014 lll,
790 1939 842 2002 lb:
875 1932 1013 2022 Πρῶτον
1041 1931 1101 2016 μὲν
1123 1924 1197 2020 ἱερᾶ
1217 1922 1380 2006 θύσαντες
1400 1923 1495 2014 ὤμσσ

288 2029 656 2126 ἐπὶτωνέμσύρων.
704 2061 706 2072 “

371 2149 400 2212 8.
444 2150 537 2229 Apud
573 2153 745 2214 Homerum
776 2155 840 2238 lll,
877 2151 948 2215 ato
980 2169 1157 2230 praecones
1193 2149 1337 2212 adferunt
1379 2150 1492 2210 viatim

289 2273 410 2340 agnae,
444 2247 522 2343 ripae
542 2246 626 2340 alo,
660 2278 790 2341 quarum
819 2265 925 2342 capita
951 2257 1022 2322 ⁶292.
1049 2278 1125 2321 aare
1153 2267 1355 2338 amputantur
1383 2268 1481 2340 atque

287 2371 404 2426 terram
425 2363 640 2448 deponuntur3
664 2367 810 2428 Priamus
832 2369 901 2449 ipse
921 2365 1002 2430 310:
1024 2361 1059 2438 ἐς
1079 2360 1196 2450 δίφρον
1213 2354 1314 2451 ἄρνας
1329 2365 1424 2428 θέτο.
1461 2369 1488 2428 Α

287 2473 338 2531 ter
358 2469 450 2532 Maro
474 2471 556 2535 1692

370 2579 555 2640 Procedant
575 2585 703 2660 caetris,
722 2601 870 2661 puraque
889 2587 925 2642 a'a
945 2589 1032 2643 neate
1051 2582 1200 2643 aoeerdoa

371 2684 555 2764 Saettqerae
567 2681 674 2769 ‘'setam
694 2694 764 2750 auia
785 2691 1015 2768 intonsamque
1024 2679 1179 2750 dideritem

371 2795 492 2874 Attulit
512 2797 705 2876 admovitque
724 2817 825 2874 paruo
844 2800 1056 2877 flagitantibus
1078 2803 1155 2860 oria.

199 2965 204 2980 ³
291 2895 455 2960 Poream
477 2899 583 2980 itaque
606 2909 772 2962 et·ovem
795 2903 953 2968 adhihent.
996 2903 1172 2966 Confirmat
1192 2920 1321 2986 peream
1343 2900 1412 2982 ipse
1437 2923 1498 2983 poe

243 3063 247 3069 ,
292 2997 333 3061 de
353 3001 489 3066 Romulo
512 3007 668 3089 'latioque
690 3009 783 3090 Vlll,
804 3013 875 3074 611.
897 3033 1042 3078 narrans:

377 3108 515 3176 Stabant
534 3119 567 3172 et
586 3133 710 3208 aaeaa
730 3119 904 3194 tunpebaat
918 3122 1049 3199 foedera
1069 3139 1204 3197 porea.

293 3239 467 3307 Confirmat
487 3245 600 3308 Livius
619 3250 647 3329 l,
668 3250 726 3313 24:
750 3250 804 3312 ald
830 3244 881 3311 ubi
902 3251 991 3324 dixit,
1020 3269 1153 3332 pureum
1176 3269 1258 3311 saxo
1279 3249 1370 3310 ailiee
1393 3268 1500 3329 peren

291 3349 362 3410 sita<
406 3351 464 3433 tx,
485 3353 522 3414 a:
547 3355 615 3437 „Ut
635 3376 706 3420 eum
728 3361 772 3420 ita
793 3361 933 3442 luppiter
953 3352 1058 3442 feriat,
1089 3357 1348 3442 quemadmodum
1372 3359 1491 3432 asotia

289 3460 349 3523 bus
370 3481 485 3543 porcus
506 3462 673 3526 feriatur.“
718 3468 751 3529 V
753 3487 823 3529 arro
847 3471 887 3534 lt.
908 3469 949 3532 R.
971 3472 1019 3545 ll,
1049 3470 1078 3531 4.
1102 3468 1202 3531 men:
1230 3467 1311 3543 „nb
1335 3468 1430 3529 edillo
1454 3487 1492 3528 eu

291 3585 414 3649 genere
436 3567 563 3651 peeoris
584 3575 765 3638 immolandi
786 3577 906 3639 initium
929 3575 1060 3658 primum
1081 3585 1240 3657 sumptum
1264 3573 1409 3648 videtur,
1446 3577 1496 3634 eui

289 3675 443 3758 vestigia,
466 3678 549 3761 quod
571 3681 665 3742 initiis
688 3681 816 3744 Cereris
838 3687 926 3765 porei
948 3685 1157 3763 immolantur,
1191 3692 1224 3745 et
1246 3682 1366 3765 quod,
1398 3682 1493 3742 initi

290 3780 402 3860 pacis
433 3783 575 3848 foedus
603 3785 721 3869 quum
750 3789 917 3873 seritur,
952 3809 1099 3872 poreua
1129 3791 1353 3872 occiditur,
1388 3797 1422 3850 et
1455 3809 1493 3870 qu

288 3893 463 3968 nuptiarum
484 3894 571 3958 initio
592 3898 709 3977 antiqui
732 3917 830 3981 aegea
852 3917 892 3960 ac
911 3901 1062 3962 sublimes
1085 3902 1145 3962 viri
1167 3905 1201 3964 iu
1223 3901 1373 3962 lletruria
1396 3901 1431 3960 iu
1456 3919 1491 3961 co

289 3997 445 4061 iunctione
473 4007 602 4085 nuptiali
633 4021 717 4069 nova
749 4017 846 4088 nupta
881 4017 913 4069 et
943 4027 1047 4070 novus
1078 3996 1208 4070 maritus
1238 4007 1370 4088 primum
1404 4025 1485 4087 'rora

266 4143 267 4146 ,
290 4105 485 4170 immolant“
529 4112 596 4176 Sed
619 4113 669 4177 hio
690 4135 805 4196 porcus
828 4116 953 4199 ubique,
975 4116 1060 4197 apud
1074 4116 1248 4197 Vergilium
1270 4105 1385 4194 poroal
1410 4113 1481 4177 Gra

290 4201 426 4296 ἆσορία,
451 4237 543 4300 quam
566 4221 777 4301 Quintilianus
800 4222 942 4310 V111,3.
964 4227 1034 4306 ipae
1056 4224 1179 4286 videtur
1198 4224 1364 4305 tetigisset
1395 4223 1492 4302 „Qua

290 4320 361 4402 dam
384 4323 521 4398 [humilia
543 4330 654 4407 verba]
677 4352 738 4396 nou
767 4342 833 4395 tam
860 4336 980 4396 ratione
1007 4353 1100 4414 quam
1137 4326 1237 4396 senaa
1265 4330 1460 4409 iudicantur,

288 4431 380 4494 illudr
404 4433 505 4494 Gaeaa
525 4437 699 4511 iuuaebant
714 4441 847 4518 foedera
865 4460 984 4519 porea,
1017 4442 1094 4503 leoit
1114 4438 1246 4520 ele'gma
1266 4438 1356 4500 ilatio
1379 4438 1500 4500 nomini

279 4541 376 4622 quod
399 4543 430 4604 ai
451 4542 567 4603 luisset
587 4563 693 4623 poroo,
723 4548 785 4608 vile
799 4544 914 4612 .erat.“
956 4550 1073 4630 Neque
1095 4548 1250 4610 vilitatem
1271 4546 1304 4607 iu
1324 4544 1397 4620 hoo,
1429 4565 1489 4626 neq

295 4649 368 4730 eleg
410 4649 487 4711 tiam
508 4653 538 4710 in
560 4650 623 4712 hae
645 4653 758 4735 video,
792 4654 1046 4737 monendumque
1072 4665 1106 4718 et
1134 4672 1265 4738 poroum
1293 4662 1327 4716 et
1352 4673 1480 4734 peream

294 4752 368 4820 laed
387 4775 423 4820 ra
444 4755 607 4822 immolari.
649 4739 1125 4846 nudiciaug.11,ae,·55:
1160 4763 1304 4846 „Neque
1323 4779 1489 4827 neoeaae
