3000 5184
228 225 287 290 tas
329 227 546 312 Vergilius
568 227 658 310 quid
681 227 727 291 de
749 228 832 311 deo,
855 229 1012 310 muodo,
1034 229 1120 294 teto
1142 231 1333 294 senserit.

295 411 326 472 n
347 411 565 496 grammaticis
587 419 692 474 autem
715 418 906 492 compertum
929 413 1098 494 habemus,
1114 413 1288 495 Vergilium
1306 412 1455 492 Epion-

215 537 284 580 reo
311 517 445 599 quodam
477 520 628 601 magistro
656 539 746 582 usum
778 539 863 583 esse.
904 523 1060 585 Audiatur
1083 523 1218 584 Servius
1240 522 1280 584 ed
1300 524 1361 599 v1,
1381 523 1455 584 2642

220 629 291 690 ”Ex
313 631 433 689 maiore
449 633 555 688 antem
580 637 666 705 purte
691 627 835 687 Sironem
858 629 876 691 i.
898 649 925 692 e.
947 630 1131 710 magistrum
1154 647 1245 690 suum
1267 630 1455 709 Epicureum

215 741 388 819 sequutum
410 735 448 798 ud
471 737 580 815 uotog.
604 736 665 816 Vt,
685 735 737 799 13:
761 738 867 810 „Nam
880 738 950 800 vuit
966 739 1102 820 exsequi
1119 747 1240 799 sectam
1257 739 1452 817 Epicuream,

215 864 310 927 quum
333 842 483 905 didicerat
506 852 569 904 tam
593 840 759 921 t'ergtttus
780 862 872 924 quom
896 846 927 905 V
929 865 1004 906 arus
1027 846 1164 908 docente
1184 846 1326 906 Sironeu
1366 845 1454 923 Quae

216 954 414 1036 grammatici
443 953 539 1014 nostri
566 951 670 1031 opinio
694 944 800 1013 utrum
820 972 843 1035 e
875 955 970 1015 meris
998 955 1132 1035 argutiis
1153 955 1195 1016 sit
1218 954 1381 1035 protenta,
1416 974 1452 1015 an

215 1078 293 1122 vero
314 1058 516 1120 fundamento
537 1059 666 1131 nitatur,
690 1040 860 1152 iucundum
883 1069 935 1122 est
954 1062 1115 1142 inquirere.
1159 1063 1225 1124 Sed
1244 1062 1327 1124 iusto
1349 1060 1454 1123 ordine

215 1187 439 1252 persequamur
461 1170 619 1251 singulos,
655 1168 708 1247 qui
735 1166 776 1229 ad
802 1169 932 1247 Epicuri
962 1170 1080 1249 piacita
1109 1170 1306 1250 referuntur,
1344 1180 1454 1250 poetae

216 1295 341 1356 versus,
363 1276 415 1358 qui
436 1275 477 1338 ad
498 1273 560 1336 dno
582 1275 782 1354 potissimum
803 1284 951 1354 spectare
972 1276 1136 1357 dicuntur,
1165 1295 1298 1357 quorum
1325 1278 1452 1357 primum

216 1385 412 1448 notissimum
433 1382 520 1462 iliud,
542 1381 643 1442 deos
664 1401 738 1442 non
760 1400 900 1444 ourare
920 1382 1092 1445 humana.
1111 1439 1114 1446 ,
1135 1385 1273 1448 Servius
1288 1383 1451 1464 adEolog.

216 1491 389 1573 v111,35:

302 1604 372 1664 Nee
397 1620 512 1660 aurore
533 1601 624 1660 deum
645 1601 746 1658 credis
768 1601 914 1660 mortalia
934 1617 1128 1680 quemquam.

220 1709 400 1795 „Superbia
421 1715 476 1769 tun
497 1705 645 1766 damnata
666 1713 717 1766 est
738 1707 819 1786 turpi
849 1709 979 1782 marito,
1013 1709 1086 1768 dom
1107 1704 1211 1768 crediti
1232 1703 1352 1766 unitum
1376 1702 1451 1763 deo·

215 1841 286 1896 rum
308 1837 421 1883 ornare
443 1815 595 1876 mortalia.
639 1814 740 1893 Quam
765 1834 831 1876 rem
853 1814 1028 1876 seeundum
1052 1815 1183 1877 stoicos
1203 1808 1317 1872 dixit.“
1339 1813 1450 1873 reotius

217 1929 351 1992 Servius
372 1923 512 1990 Danielis
535 1923 574 1986 ad
599 1925 678 1987 Aen.
701 1928 732 2005 1,
755 1925 827 1987 22⁴7.
854 1925 895 1987 ad
917 1928 1110 2007 Epicureos,
1144 1923 1203 1986 sed
1226 1940 1322 1983 verus
1344 1923 1449 1984 ibidem

215 2037 380 2116 interpres,
401 2051 496 2116 quum
518 2040 614 2115 poeta
637 2035 745 2095 lovem
768 2033 904 2114 appellet
925 2039 1093 2094 iactantem
1112 2039 1240 2112 pectore
1260 2051 1368 2110 euros,
1401 2052 1449 2093 ar-

215 2155 294 2229 gute
313 2144 472 2226 poeticum
493 2161 681 2219 sermonem,
704 2143 757 2223 qui
780 2142 859 2204 deos
880 2161 1007 2221 semper
1028 2141 1186 2202 hominum
1207 2157 1295 2200 more
1316 2147 1449 2202 tractans

110 2327 112 2332 ¹
198 2273 237 2316 ,e
260 2271 362 2314 rerum
397 2259 549 2316 contextu
577 2251 617 2314 de
645 2251 802 2337 doloribus
834 2251 979 2331 curisque
1012 2248 1162 2330 loquitur,
1197 2245 1238 2308 ud
1275 2245 1447 2312 Stoicorum

216 2369 338 2424 sectam
370 2360 495 2444 rettulit.
538 2361 582 2420 At
603 2379 645 2421 ex
673 2361 724 2422 illo
750 2359 941 2444 Eulogarum
973 2357 1044 2419 ioco
1076 2359 1181 2437 potius
1214 2355 1359 2420 ducenda
1392 2367 1450 2418 erat

219 2479 335 2551 poetae
356 2471 522 2558 sententis,
557 2467 636 2530 deos
669 2487 785 2530 reuera
805 2465 950 2529 humanis
967 2465 1134 2545 occupatu
1168 2465 1357 2548 vituperium
1378 2467 1449 2528 enin
1479 2502 1480 2585 q

215 2580 308 2642 mest.
351 2579 387 2638 ln
409 2576 520 2638 eadem
543 2577 667 2658 Eotoga
688 2574 780 2648 vlu,
806 2574 859 2635 ta:
893 2572 1016 2634 Damon
1039 2572 1099 2635 uitt

544 2659 655 2764 Divos,
679 2700 869 2762 quamquam
889 2680 939 2739 nrt
958 2681 1089 2740 testibus
1109 2678 1176 2740 tun
1478 2692 1479 2779 q

267 2866 271 2874 Δ
305 2795 444 2875 Profert,
466 2800 610 2854 estrema
631 2765 769 2852 moriens
790 2798 895 2851 tumeo
915 2789 1067 2869 adloquor
1088 2791 1176 2850 dora.

219 2901 334 2990 Sprvio
357 2899 396 2960 ud
416 2921 447 2961 v.
473 2897 1136 2986 1⁷.observantesecundumEpicureos.
1173 2899 1447 2962 mensuremus
1477 2888 1478 2971 i

217 3009 328 3087 potuit,
348 3017 379 3068 ut
403 3016 497 3088 poeto
517 3011 601 3085 tatia,
623 3028 706 3090 quae
729 3007 959 3088 saepenumero
982 3006 1288 3083 iactabanturdiotu‚
1309 3011 1444 3072 inanimo
1475 3026 1477 3045 ¹

218 3115 359 3178 haberet.
423 3115 565 3197 Denique
589 3116 670 3177 Dido
698 3134 759 3177 non
791 3117 861 3174 sine
892 3114 1067 3175 acerbitate
1094 3117 1252 3178 exotnmat
1278 3120 1318 3181 ab
1347 3122 1445 3182 Aenea
1476 3094 1477 3165 d

220 3221 371 3284 derelicta
393 3221 545 3298 1V,379:

302 3328 435 3390 Scilicet
455 3334 483 3390 is
504 3328 638 3407 Superis
661 3329 748 3390 tabor
770 3335 826 3399 eut,
851 3349 888 3392 eu
911 3348 988 3388 utra
1009 3333 1129 3409 quietos

303 3438 469 3504 Sotttcuot.

220 3546 285 3608 Sed
310 3529 410 3627 hona
431 3547 545 3610 femina
568 3549 683 3612 dietum
708 3548 753 3610 ira
769 3527 946 3633 'exagitata
975 3551 1091 3634 Neque
1105 3573 1183 3617 vero
1199 3553 1442 3620 consentiendum

221 3656 280 3716 erit
302 3653 406 3716 eidem
429 3656 588 3737 interpreti
610 3655 648 3716 ad
673 3655 714 3736 tt,
735 3655 810 3717 689:
1006 3656 1008 3659 ’

302 3763 445 3839 Iuppiter
466 3767 669 3841 omnipotens,
691 3763 839 3840 precibus
860 3768 892 3824 ei
908 3768 1047 3844 flecteris
1067 3769 1151 3830 ullu.
1473 3706 1474 3743 d

220 3871 307 3946 „Aut
326 3867 500 3929 seeundum
523 3868 651 3930 Stoicos
672 3868 799 3930 locutus
822 3879 881 3945 est,
905 3873 955 3952 qui
977 3848 1034 3934 sati
1055 3871 1206 3938 adserunt
1222 3880 1439 3955 necessitatem,
1472 3900 1473 3937 t

219 3983 274 4034 aut
302 3975 476 4036 seeundum
504 3976 697 4056 Epicureos,
735 3977 788 4058 qui
818 3975 922 4040 dieunt
949 3978 1026 4042 deos
1056 4001 1118 4043 nou
1145 4001 1256 4048 curare
1283 3985 1442 4050 mortttiu“

219 4083 262 4162 tt,
284 4083 355 4144 405.
386 4082 572 4145 Cassandra
597 4083 777 4146 trahebatur
1471 4070 1472 4129 d

301 4188 358 4290 Ad
377 4191 499 4250 eurtum
519 4193 650 4286 tendens
672 4193 817 4252 ardentia
839 4192 959 4254 luminu
976 4197 1112 4273 neutro.

221 4299 364 4380 ,frustra
386 4297 558 4359 seeundum
581 4298 788 4379 Epicureos“
831 4299 872 4374 11,
892 4299 964 4360 515.
988 4301 1170 4366 incumbunt
1191 4325 1267 4372 arae

300 4406 365 4467 Hie
385 4404 515 4468 Heoudu
535 4411 567 4465 et
586 4412 681 4466 natue
701 4410 891 4485 nequiquam
911 4409 1028 4470 ulturiu
1053 4417 1179 4476 circum.

221 4548 302 4620 „aut
322 4541 512 4618 nequiquam
533 4537 708 4602 seeundum
729 4539 922 4620 Epicureos,
939 4551 1009 4606 -aut
1036 4533 1164 4626 propter
1192 4549 1257 4612 vim
1283 4547 1435 4612 bellicum

222 4644 342 4727 Georg.
364 4645 423 4724 ut,
445 4641 521 4705 525:

243 4737 244 4740 Ἴ
303 4754 389 4828 Quid
407 4752 496 4836 tabor
516 4757 574 4810 out
593 4751 755 4830 detoefootu
774 4759 909 4817 iuuant?
1466 4734 1469 4905 Ι

1460 4920 1468 5161 t
