3000 5184
388 211 391 217 ·
474 189 530 256 lie
550 192 734 257 navibus.

11 373 77 453 rili,
98 370 152 437 ta:

67 481 207 543 Litareia
229 486 342 560 inqeae
362 485 490 544 inaucta
512 484 571 544 rub
591 485 716 546 ilicibus
737 505 819 567 cue,

70 593 262 670 Triqr'uta
285 598 423 672 capitum
440 597 530 674 setara
546 599 661 673 eniea,
685 597 813 676 iacebit,

66 698 161 779 Aba,
184 699 251 760 eata
272 702 439 774 recubans,
462 701 526 761 abbi
544 705 665 764 circum
687 703 785 762 ubera
805 704 882 763 nati.

67 809 132 870 Hic
153 809 242 870 leura
263 813 351 872 urbia
371 793 440 884 er'it,
464 814 588 890 requiee
609 831 646 870 ea
666 817 755 870 certa
776 810 927 880 taborum,

65 919 128 978 Ibe
149 938 209 997 quc
232 920 428 980 terdenis
450 921 556 982 urbem
577 921 781 980 redeuntibus
802 924 898 980 anum

67 1023 234 1086 Areuuiue
256 1026 339 1087 eburi
359 1028 472 1088 euudu
493 1029 686 1104 eoqucmiuie
707 1026 833 1090 Albam.

0 1157 260 1220 tuemadmudum
287 1159 319 1220 hi
347 1162 422 1221 anui
444 1179 486 1222 ex
508 1159 638 1221 historia
660 1149 895 1242 antiquissima,
923 1159 966 1221 ita
997 1162 1126 1245 triginta
1155 1163 1227 1226 iiiuc

5 1286 88 1328 aves
113 1289 132 1329 e
154 1272 331 1330 recentiore
354 1269 499 1332 Romana
529 1281 602 1332 surrt
623 1281 834 1332 enumeratae.
876 1269 999 1331 Etenim
1022 1288 1104 1330 aune
1128 1271 1167 1331 V.
1190 1273 1228 1334 C.

0 1376 153 1438 XLVII.
174 1376 268 1437 [rivio
292 1377 453 1459 xxvlll,
475 1379 525 1439 45.
546 1387 650 1442 tester
673 1379 883 1441 „Provinciae
899 1377 943 1438 ita
956 1377 1116 1459 decretae,
1138 1379 1230 1441 alteri

6 1485 111 1545 onsuii
141 1485 250 1546 Sicilia
278 1495 311 1546 ct
340 1487 514 1568 triginta
546 1496 702 1550 rostratae
735 1505 856 1564 naves,
888 1505 969 1568 quus
1001 1483 1039 1549 C.
1069 1485 1229 1548 Servilius

2 1595 151 1670 auertere
171 1611 253 1653 antro
275 1589 474 1655 habuisset.“
499 1595 621 1656 Eodem
643 1612 725 1658 auec
747 1595 857 1674 Scipio
878 1593 999 1667 (ibidus
1022 1592 1231 1677 „Triginta

9 1700 119 1761 avium
142 1700 286 1781 carinae,
315 1702 428 1784 viginti
452 1705 716 1786 quinqueremes,
747 1703 857 1767 decem
879 1702 1112 1785 quadriremes,
1135 1721 1229 1782 quum

3 1817 96 1869 ssent
116 1811 258 1900 pesitae,
292 1811 360 1891 ipse
380 1811 423 1873 ita
446 1812 558 1874 institit
581 1811 682 1893 operi,
705 1820 741 1875 ut
762 1813 814 1874 die
844 1811 1087 1896 quadragesime
1109 1811 1229 1892 quintu,

5 1936 81 1978 uam
105 1935 147 1976 ex
169 1917 260 1978 silvis
282 1897 424 1980 detracta
446 1919 576 1981 materia
598 1930 683 2002 erat,
720 1939 823 1983 naves
845 1920 1018 1982 instructae
1030 1928 1232 2000 armataeque

3 2052 8 2080 t
37 2023 331 2105 aquamdeductac
353 2026 424 2086 siut.
467 2025 556 2104 (te.)
580 2027 748 2090 Proiectus
769 2031 803 2089 in
816 2027 957 2089 Siciliam
979 2035 1030 2090 est
1052 2027 1232 2109 triginta

9 2134 127 2194 avibus
150 2133 284 2216 iungisu
307 2133 511 2214 xxv11,r:
542 2135 744 2219 »Triginta
771 2136 1013 2218 quinqueremes
1048 2155 1091 2196 ex
1118 2135 1229 2198 Sicilia
1307 2215 1318 2228 ⁶

19 2253 167 2303 arentum
202 2240 244 2303 ad
274 2241 318 2326 Q.
341 2241 475 2304 ratium
496 2244 658 2306 consulem
681 2244 758 2304 mitti
780 2245 918 2307 iussae«
964 2243 1015 2305 Cf.
1035 2243 1179 2325 xxva,
1200 2243 1231 2306 8.

0 2355 194 2430 tuamquam
215 2349 354 2411 classem
371 2349 526 2431 integram
548 2351 725 2414 Romanam
755 2352 905 2412 maiorem
927 2350 1028 2411 fuisse
1055 2357 1191 2412 coastat-

69 2481 102 2542 2.
144 2481 194 2540 De
218 2484 388 2542 ureteria
410 2481 536 2542 navium
559 2479 809 2544 fabricandarum
830 2481 912 2542 haec
927 2479 1087 2563 Vegetius
1108 2477 1229 2560 1v,3t.

9 2587 126 2650 refert:
153 2588 224 2647 „Ex
246 2605 401 2666 cupresso
433 2607 511 2671 ergo
541 2595 573 2649 et
604 2592 698 2668 pinu
728 2585 956 2648 domestica
988 2589 1060 2648 sive
1091 2575 1232 2649 silvestri

0 2702 87 2759 >erice
109 2703 143 2758 et
164 2696 300 2759 abiete
321 2696 492 2777 praecipue
521 2696 660 2758 Liburna
681 2695 874 2777 contexitur,
905 2694 1008 2755 utiiius
1030 2698 1134 2756 aereis
1163 2687 1256 2755 etass'

1 2806 55 2888 is,
79 2824 174 2886 quam
198 2804 322 2885 ferreis,
351 2803 568 2887 configendau
612 2802 706 2882 Quod
728 2801 768 2866 dc
789 2802 862 2884 pinu
884 2822 955 2866 cum
973 2802 1025 2864 ilio
1047 2800 1168 2886 Georg.
1189 2805 1234 2886 11,

0 2942 1 2971 1
18 2947 19 2950 =
34 2918 68 2978 2.
91 2915 256 2978 convenit:

74 3025 166 3086 Dant
187 3023 267 3084 abiar
289 3023 372 3084 aliae
389 3024 489 3102 fatue,
512 3023 592 3082 daut
608 3022 687 3082 utile
710 3023 831 3099 biquum

72 3133 178 3194 Navi
180 3134 221 3207 qi
226 3133 261 3190 ia
281 3132 423 3210 piace,
444 3129 585 3188 dumibus
607 3130 820 3208 cerebrumque
842 3147 1082 3207 curreremque.

22 3244 107 3322 cleg.
130 3237 188 3321 Ν,
210 3235 267 3300 382
855 3240 857 3244 '

78 3351 174 3413 Cedet
193 3354 226 3409 et
244 3351 312 3426 ipae
333 3350 417 3408 mari
434 3353 551 3424 vector,
574 3363 632 3406 uec
655 3348 854 3406 nauticae
882 3348 1011 3422 pinus

73 3459 214 3520 Mutabit
233 3477 364 3520 merces.

24 3569 46 3632 i.
70 3569 150 3629 Aen.
172 3567 220 3649 x„
238 3565 318 3628 206:

77 3677 223 3737 Mincius
243 3677 361 3754 trajectu
382 3675 517 3736 ducebat
534 3675 570 3733 iu
590 3690 728 3766 aequora
745 3672 853 3747 pinu.
883 3751 888 3760 ·

5 3785 94 3844 inus
117 3801 176 3845 una
196 3798 269 3842 cum
290 3781 382 3860 picea
403 3791 436 3840 et
464 3797 557 3841 acere
589 3779 751 3840 materiam
779 3795 903 3858 quoque
931 3774 1084 3840 dederunt
1113 3777 1228 3842 classis
1337 3814 1340 3821 ·

15 3889 155 3952 'roiauae
178 3894 261 3948 teste
282 3886 352 3966 ipsa
373 3894 473 3946 matre
496 3883 688 3966 berecyntia
710 3884 752 3960 X,
775 3883 832 3947 84:

76 3995 125 4058 1²2·
131 4011 201 4054 aea
223 3997 328 4056 silva
350 3996 438 4077 mibi,
460 3994 575 4056 multae
596 3993 711 4054 dilectu
730 4013 790 4071 per
811 4012 914 4054 aanor
983 4036 1002 4068 ,r

78 4105 192 4167 haeae
213 4109 247 4166 iu
267 4127 340 4168 aree
356 4110 424 4188 fuit
442 4124 575 4177 summu,
598 4124 659 4184 que
679 4125 777 4166 caera
794 4107 952 4187 serebant,

75 4215 231 4290 Niqrauti
246 4219 364 4293 picea
385 4215 586 4294 trabibusque
605 4215 761 4274 abecurue
782 4217 921 4274 acerui
928 4234 955 4273 a.

75 4322 148 4383 Hae
169 4343 226 4401 eqc
246 4323 410 4384 Dardania
430 4323 545 4397 iurent,
565 4339 637 4380 cum
657 4320 774 4381 clareia
796 4325 915 4400 eqeret,

80 4433 184 4494 Laeta
204 4432 286 4492 dedi

10 4549 79 4604 este
100 4545 196 4620 pecta
217 4540 263 4621 Χ,
288 4537 360 4600 115:

41 4677 43 4686 v
77 4649 169 4710 Neve
187 4651 309 4746 arquato
329 4664 465 4721 muuue,·
485 4645 587 4704 muria
607 4646 681 4703 aute
700 4659 840 4704 exurere
866 4642 983 4725 iberae,
1042 4629 1048 4644 Χ

10 4783 11 4788 ’
80 4754 183 4831 Ouum
202 4773 315 4846 aqercr
336 4755 467 4816 dabitur
481 4756 624 4832 ptuua.
