<?xml version="1.0" encoding="UTF-8"?>
<!DOCTYPE html PUBLIC "-//W3C//DTD XHTML 1.0 Transitional//EN"
    "http://www.w3.org/TR/xhtml1/DTD/xhtml1-transitional.dtd">
<html xmlns="http://www.w3.org/1999/xhtml" xml:lang="en" lang="en">
 <head>
  <title>
</title>
<meta http-equiv="Content-Type" content="text/html;charset=utf-8" />
  <meta name='ocr-system' content='tesseract 3.04.00' />
  <meta name='ocr-capabilities' content='ocr_page ocr_carea ocr_par ocr_line ocrx_word'/>
</head>
<body>
  <div class='ocr_page' id='page_1' title='image "./antiquitatesver01lersgoog_0220.png"; bbox 0 0 3000 5184; ppageno 0'>
   <div class='ocr_carea' id='block_1_1' title="bbox 225 201 1016 296">
    <p class='ocr_par' dir='ltr' id='par_1_1' title="bbox 225 201 1016 296">
     <span class='ocr_line' id='line_1_1' title="bbox 225 201 1016 296; baseline -0.015 -16"><span class='ocrx_word' id='word_1_1' title='bbox 225 213 291 280; x_wconf 62' lang='grc' dir='ltr'><strong>Μ</strong></span> <span class='ocrx_word' id='word_1_2' title='bbox 665 211 723 276; x_wconf 81' lang='lat' dir='ltr'><strong>lla</strong></span> <span class='ocrx_word' id='word_1_3' title='bbox 743 201 1016 296; x_wconf 83' lang='lat' dir='ltr'><strong>divinatione.</strong></span> 
     </span>
    </p>
   </div>
   <div class='ocr_carea' id='block_1_2' title="bbox 227 393 1472 804">
    <p class='ocr_par' dir='ltr' id='par_1_2' title="bbox 227 393 1456 804">
     <span class='ocr_line' id='line_1_2' title="bbox 735 393 1159 472; baseline -0.007 -16"><span class='ocrx_word' id='word_1_4' title='bbox 735 395 824 456; x_wconf 82' lang='lat' dir='ltr'><strong>&#39;Nec</strong></span> <span class='ocrx_word' id='word_1_5' title='bbox 846 400 985 472; x_wconf 68' lang='lat' dir='ltr'><strong>torem</strong></span> <span class='ocrx_word' id='word_1_6' title='bbox 1011 393 1118 454; x_wconf 71' lang='lat' dir='ltr'><strong>naen</strong></span> <span class='ocrx_word' id='word_1_7' title='bbox 1155 431 1159 440; x_wconf 83' lang='lat'><em>-</em></span> 
     </span>
     <span class='ocr_line' id='line_1_3' title="bbox 312 502 1119 582; baseline -0.014 -12"><span class='ocrx_word' id='word_1_8' title='bbox 312 507 468 570; x_wconf 65' lang='lat' dir='ltr'><strong>Menoe</strong></span> <span class='ocrx_word' id='word_1_9' title='bbox 487 510 546 566; x_wconf 75' lang='lat' dir='ltr'><strong>ml</strong></span> <span class='ocrx_word' id='word_1_10' title='bbox 562 505 649 565; x_wconf 70' lang='lat' dir='ltr'><strong>ecles</strong></span> <span class='ocrx_word' id='word_1_11' title='bbox 667 503 768 582; x_wconf 66' lang='lat' dir='ltr'><strong>fibrae</strong></span> <span class='ocrx_word' id='word_1_12' title='bbox 789 502 944 578; x_wconf 75' lang='lat' dir='ltr'><strong>adparere</strong></span> <span class='ocrx_word' id='word_1_13' title='bbox 963 503 1119 578; x_wconf 61' lang='lat' dir='ltr'><strong>menecea,</strong></span> 
     </span>
     <span class='ocr_line' id='line_1_4' title="bbox 245 602 1138 694; baseline -0.009 -14"><span class='ocrx_word' id='word_1_14' title='bbox 245 624 247 627; x_wconf 79' lang='grc'><strong>’</strong></span> <span class='ocrx_word' id='word_1_15' title='bbox 308 617 381 680; x_wconf 76' lang='lat' dir='ltr'><strong>Ant</strong></span> <span class='ocrx_word' id='word_1_16' title='bbox 395 617 502 694; x_wconf 74' lang='lat' dir='ltr'><strong>puteis</strong></span> <span class='ocrx_word' id='word_1_17' title='bbox 521 629 653 674; x_wconf 74' lang='lat' dir='ltr'><strong>ermon</strong></span> <span class='ocrx_word' id='word_1_18' title='bbox 673 631 769 673; x_wconf 76' lang='lat' dir='ltr'><strong>mor</strong></span> <span class='ocrx_word' id='word_1_19' title='bbox 790 617 935 674; x_wconf 79' lang='lat' dir='ltr'><strong>cessauit.</strong></span> <span class='ocrx_word' id='word_1_20' title='bbox 1135 602 1138 606; x_wconf 53' lang='grc'><strong>’</strong></span> 
     </span>
     <span class='ocr_line' id='line_1_5' title="bbox 227 720 1472 804; baseline -0.007 -11"><span class='ocrx_word' id='word_1_21' title='bbox 227 730 278 793; x_wconf 75' lang='lat' dir='ltr'><strong>lie</strong></span> <span class='ocrx_word' id='word_1_22' title='bbox 295 728 380 792; x_wconf 85' lang='lat' dir='ltr'><strong>extis</strong></span> <span class='ocrx_word' id='word_1_23' title='bbox 401 723 600 788; x_wconf 86' lang='lat' dir='ltr'><strong>notissimum</strong></span> <span class='ocrx_word' id='word_1_24' title='bbox 623 731 692 804; x_wconf 89' lang='lat' dir='ltr'><strong>ost,</strong></span> <span class='ocrx_word' id='word_1_25' title='bbox 722 721 763 784; x_wconf 87' lang='lat' dir='ltr'><strong>de</strong></span> <span class='ocrx_word' id='word_1_26' title='bbox 790 722 871 784; x_wconf 85' lang='lat' dir='ltr'><strong>rivis</strong></span> <span class='ocrx_word' id='word_1_27' title='bbox 900 722 1064 804; x_wconf 78' lang='lat' dir='ltr'><strong>sanguinis</strong></span> <span class='ocrx_word' id='word_1_28' title='bbox 1087 721 1127 786; x_wconf 85' lang='lat' dir='ltr'><strong>ei.</strong></span> <span class='ocrx_word' id='word_1_29' title='bbox 1149 721 1223 790; x_wconf 82' lang='lat' dir='ltr'><strong>liv.</strong></span> <span class='ocrx_word' id='word_1_30' title='bbox 1247 722 1381 799; x_wconf 81' lang='lat' dir='ltr'>XXVI,</span> <span class='ocrx_word' id='word_1_31' title='bbox 1409 720 1472 786; x_wconf 71' lang='lat'><strong>23:</strong></span> 
     </span>
    </p>
   </div>
   <div class='ocr_carea' id='block_1_3' title="bbox 126 829 1473 921">
    <p class='ocr_par' dir='ltr' id='par_1_3' title="bbox 126 829 1473 921">
     <span class='ocr_line' id='line_1_6' title="bbox 126 829 1473 921; baseline -0.007 -17"><span class='ocrx_word' id='word_1_32' title='bbox 126 831 131 838; x_wconf 64' lang='grc'><em>’</em></span> <span class='ocrx_word' id='word_1_33' title='bbox 227 837 324 921; x_wconf 57' lang='lat' dir='ltr'><strong>„nt</strong></span> <span class='ocrx_word' id='word_1_34' title='bbox 315 856 347 898; x_wconf 87' lang='grc' dir='ltr'>ιιι</span> <span class='ocrx_word' id='word_1_35' title='bbox 367 835 437 898; x_wconf 84' lang='lat' dir='ltr'><strong>foro</strong></span> <span class='ocrx_word' id='word_1_36' title='bbox 457 831 640 896; x_wconf 80' lang='lat' dir='ltr'><strong>Sodcrtano</strong></span> <span class='ocrx_word' id='word_1_37' title='bbox 669 831 834 913; x_wconf 74' lang='lat' dir='ltr'><strong>sanguinis</strong></span> <span class='ocrx_word' id='word_1_38' title='bbox 855 831 943 894; x_wconf 89' lang='lat' dir='ltr'><strong>rivos</strong></span> <span class='ocrx_word' id='word_1_39' title='bbox 971 851 1030 913; x_wconf 90' lang='lat' dir='ltr'><strong>per</strong></span> <span class='ocrx_word' id='word_1_40' title='bbox 1057 831 1140 894; x_wconf 88' lang='lat' dir='ltr'><strong>diem</strong></span> <span class='ocrx_word' id='word_1_41' title='bbox 1171 838 1272 896; x_wconf 87' lang='lat' dir='ltr'><strong>totum</strong></span> <span class='ocrx_word' id='word_1_42' title='bbox 1301 829 1473 926; x_wconf 71' lang='grc' dir='ltr'>Ιὶιιιὶεεειι</span> 
     </span>
    </p>
   </div>
   <div class='ocr_carea' id='block_1_4' title="bbox 147 933 1472 1564">
    <p class='ocr_par' dir='ltr' id='par_1_4' title="bbox 147 933 1472 1134">
     <span class='ocr_line' id='line_1_7' title="bbox 147 933 1472 1023; baseline -0.005 -13"><span class='ocrx_word' id='word_1_43' title='bbox 147 1019 151 1023; x_wconf 50' lang='grc'><em>,</em></span> <span class='ocrx_word' id='word_1_44' title='bbox 228 944 370 1023; x_wconf 81' lang='lat' dir='ltr'>XXVII,</span> <span class='ocrx_word' id='word_1_45' title='bbox 390 939 480 1010; x_wconf 70' lang='lat'><strong>23:</strong></span> <span class='ocrx_word' id='word_1_46' title='bbox 478 940 647 1016; x_wconf 79' lang='lat' dir='ltr'><strong>,Volsiniis</strong></span> <span class='ocrx_word' id='word_1_47' title='bbox 666 938 824 1023; x_wconf 84' lang='lat' dir='ltr'><strong>sanguina</strong></span> <span class='ocrx_word' id='word_1_48' title='bbox 845 940 950 1002; x_wconf 89' lang='lat' dir='ltr'><strong>lacum</strong></span> <span class='ocrx_word' id='word_1_49' title='bbox 971 933 1159 1002; x_wconf 78' lang='lat' dir='ltr'><strong>manosso“</strong></span> <span class='ocrx_word' id='word_1_50' title='bbox 1183 938 1236 1004; x_wconf 83' lang='lat' dir='ltr'><strong>Cf.</strong></span> <span class='ocrx_word' id='word_1_51' title='bbox 1249 940 1358 1017; x_wconf 87' lang='lat' dir='ltr'><strong>XXll,</strong></span> <span class='ocrx_word' id='word_1_52' title='bbox 1374 942 1405 1003; x_wconf 87' lang='lat' dir='ltr'><strong>l.-</strong></span> <span class='ocrx_word' id='word_1_53' title='bbox 1418 940 1472 1004; x_wconf 59' lang='lat' dir='ltr'><strong>m</strong></span> 
     </span>
     <span class='ocr_line' id='line_1_8' title="bbox 226 1049 633 1134; baseline -0.015 -15"><span class='ocrx_word' id='word_1_54' title='bbox 226 1055 349 1120; x_wconf 85' lang='lat' dir='ltr'><strong>Verum</strong></span> <span class='ocrx_word' id='word_1_55' title='bbox 371 1049 532 1134; x_wconf 79' lang='lat' dir='ltr'><strong>Georgi,</strong></span> <span class='ocrx_word' id='word_1_56' title='bbox 554 1049 633 1114; x_wconf 83' lang='grc'><strong>4803</strong></span> 
     </span>
    </p>

    <p class='ocr_par' dir='ltr' id='par_1_5' title="bbox 224 1158 1471 1564">
     <span class='ocr_line' id='line_1_9' title="bbox 306 1158 1266 1238; baseline -0.001 -14"><span class='ocrx_word' id='word_1_57' title='bbox 306 1164 356 1224; x_wconf 74' lang='lat' dir='ltr'><strong>nt</strong></span> <span class='ocrx_word' id='word_1_58' title='bbox 374 1167 529 1222; x_wconf 77' lang='lat' dir='ltr'><strong>mestum</strong></span> <span class='ocrx_word' id='word_1_59' title='bbox 549 1159 732 1220; x_wconf 72' lang='lat' dir='ltr'><strong>inlacrimat</strong></span> <span class='ocrx_word' id='word_1_60' title='bbox 749 1158 878 1238; x_wconf 81' lang='lat' dir='ltr'><strong>templis</strong></span> <span class='ocrx_word' id='word_1_61' title='bbox 898 1160 1124 1238; x_wconf 70' lang='lat' dir='ltr'><strong>coercereque</strong></span> <span class='ocrx_word' id='word_1_62' title='bbox 1139 1159 1266 1224; x_wconf 78' lang='lat' dir='ltr'><strong>cudant.</strong></span> 
     </span>
     <span class='ocr_line' id='line_1_10' title="bbox 224 1264 1471 1352; baseline -0.008 -17"><span class='ocrx_word' id='word_1_63' title='bbox 224 1271 320 1336; x_wconf 86' lang='lat' dir='ltr'><strong>Prius</strong></span> <span class='ocrx_word' id='word_1_64' title='bbox 340 1267 516 1352; x_wconf 82' lang='lat' dir='ltr'><strong>prodigium</strong></span> <span class='ocrx_word' id='word_1_65' title='bbox 538 1266 621 1349; x_wconf 92' lang='lat' dir='ltr'><strong>apud</strong></span> <span class='ocrx_word' id='word_1_66' title='bbox 638 1266 711 1331; x_wconf 74' lang='lat' dir='ltr'><strong>[riv.</strong></span> <span class='ocrx_word' id='word_1_67' title='bbox 734 1267 808 1348; x_wconf 75' lang='lat' dir='ltr'><strong>Ab,</strong></span> <span class='ocrx_word' id='word_1_68' title='bbox 833 1265 890 1330; x_wconf 81' lang='grc'><strong>193</strong></span> <span class='ocrx_word' id='word_1_69' title='bbox 930 1265 1088 1330; x_wconf 65' lang='lat' dir='ltr'><strong>”Danuvii</strong></span> <span class='ocrx_word' id='word_1_70' title='bbox 1108 1265 1313 1328; x_wconf 71' lang='lat' dir='ltr'><strong>simulacrum</strong></span> <span class='ocrx_word' id='word_1_71' title='bbox 1336 1264 1471 1326; x_wconf 89' lang='lat' dir='ltr'><strong>Iunonis</strong></span> 
     </span>
     <span class='ocr_line' id='line_1_11' title="bbox 226 1370 1471 1461; baseline -0.007 -17"><span class='ocrx_word' id='word_1_72' title='bbox 226 1379 379 1461; x_wconf 84' lang='lat' dir='ltr'><strong>Sospitae</strong></span> <span class='ocrx_word' id='word_1_73' title='bbox 399 1370 618 1441; x_wconf 82' lang='lat' dir='ltr'><strong>lacrimasse.“</strong></span> <span class='ocrx_word' id='word_1_74' title='bbox 645 1374 764 1447; x_wconf 75' lang='lat' dir='ltr'>XLIII,</span> <span class='ocrx_word' id='word_1_75' title='bbox 790 1371 845 1436; x_wconf 77' lang='lat'><strong>1³:</strong></span> <span class='ocrx_word' id='word_1_76' title='bbox 885 1371 1022 1454; x_wconf 81' lang='lat' dir='ltr'><strong>„Gumis</strong></span> <span class='ocrx_word' id='word_1_77' title='bbox 1043 1377 1077 1436; x_wconf 93' lang='lat' dir='ltr'><strong>in</strong></span> <span class='ocrx_word' id='word_1_78' title='bbox 1096 1391 1172 1438; x_wconf 84' lang='lat' dir='ltr'><strong>aree</strong></span> <span class='ocrx_word' id='word_1_79' title='bbox 1190 1373 1307 1454; x_wconf 82' lang='lat' dir='ltr'><strong>Apollo</strong></span> <span class='ocrx_word' id='word_1_80' title='bbox 1324 1373 1471 1436; x_wconf 73' lang='lat' dir='ltr'><strong>triduum</strong></span> 
     </span>
     <span class='ocr_line' id='line_1_12' title="bbox 225 1476 1470 1564; baseline -0.008 -14"><span class='ocrx_word' id='word_1_81' title='bbox 225 1505 267 1550; x_wconf 86' lang='lat' dir='ltr'><strong>ac</strong></span> <span class='ocrx_word' id='word_1_82' title='bbox 286 1496 354 1549; x_wconf 86' lang='lat' dir='ltr'><strong>tres</strong></span> <span class='ocrx_word' id='word_1_83' title='bbox 375 1489 487 1548; x_wconf 83' lang='lat' dir='ltr'><strong>no&#39;otes</strong></span> <span class='ocrx_word' id='word_1_84' title='bbox 506 1478 722 1548; x_wconf 84' lang='lat' dir='ltr'><strong>lacrimavit.“</strong></span> <span class='ocrx_word' id='word_1_85' title='bbox 740 1482 886 1545; x_wconf 88' lang='lat' dir='ltr'><strong>Alterum</strong></span> <span class='ocrx_word' id='word_1_86' title='bbox 907 1480 990 1564; x_wconf 87' lang='lat' dir='ltr'><strong>apud</strong></span> <span class='ocrx_word' id='word_1_87' title='bbox 1012 1483 1068 1546; x_wconf 89' lang='lat' dir='ltr'><strong>lul.</strong></span> <span class='ocrx_word' id='word_1_88' title='bbox 1090 1479 1209 1564; x_wconf 80' lang='lat' dir='ltr'><strong>ouseq.</strong></span> <span class='ocrx_word' id='word_1_89' title='bbox 1228 1481 1278 1546; x_wconf 75' lang='lat'><strong>62.</strong></span> <span class='ocrx_word' id='word_1_90' title='bbox 1297 1476 1338 1544; x_wconf 90' lang='lat' dir='ltr'><strong>ad</strong></span> <span class='ocrx_word' id='word_1_91' title='bbox 1353 1497 1470 1540; x_wconf 91' lang='lat' dir='ltr'><strong>annum</strong></span> 
     </span>
    </p>
   </div>
   <div class='ocr_carea' id='block_1_5' title="bbox 86 1584 1471 1676">
    <p class='ocr_par' dir='ltr' id='par_1_6' title="bbox 86 1584 1471 1676">
     <span class='ocr_line' id='line_1_13' title="bbox 86 1584 1471 1676; baseline -0.01 -14"><span class='ocrx_word' id='word_1_92' title='bbox 86 1647 92 1662; x_wconf 85' lang='lat'><em>.</em></span> <span class='ocrx_word' id='word_1_93' title='bbox 225 1595 269 1658; x_wconf 91' lang='lat' dir='ltr'><strong>V.</strong></span> <span class='ocrx_word' id='word_1_94' title='bbox 291 1592 329 1657; x_wconf 84' lang='lat' dir='ltr'><strong>C.</strong></span> <span class='ocrx_word' id='word_1_95' title='bbox 351 1589 491 1654; x_wconf 79' lang='lat' dir='ltr'>DCXC:</span> <span class='ocrx_word' id='word_1_96' title='bbox 519 1591 757 1667; x_wconf 85' lang='lat' dir='ltr'><strong>„Simulacrum</strong></span> <span class='ocrx_word' id='word_1_97' title='bbox 779 1588 895 1652; x_wconf 83' lang='lat' dir='ltr'><strong>Martis</strong></span> <span class='ocrx_word' id='word_1_98' title='bbox 915 1584 1081 1676; x_wconf 84' lang='lat' dir='ltr'><strong>sudavit.“</strong></span> <span class='ocrx_word' id='word_1_99' title='bbox 1101 1635 1103 1638; x_wconf 87' lang='lat'>.</span> <span class='ocrx_word' id='word_1_100' title='bbox 1123 1588 1192 1648; x_wconf 77' lang='lat' dir='ltr'><strong>Aet</strong></span> <span class='ocrx_word' id='word_1_101' title='bbox 1217 1586 1381 1668; x_wconf 75' lang='lat' dir='ltr'><strong>Lamprid.</strong></span> <span class='ocrx_word' id='word_1_102' title='bbox 1402 1592 1471 1649; x_wconf 87' lang='lat' dir='ltr'><strong>vita</strong></span> 
     </span>
    </p>
   </div>
   <div class='ocr_carea' id='block_1_6' title="bbox 205 1696 1468 2110">
    <p class='ocr_par' dir='ltr' id='par_1_7' title="bbox 205 1696 1468 2110">
     <span class='ocr_line' id='line_1_14' title="bbox 226 1696 1468 1780; baseline -0.006 -15"><span class='ocrx_word' id='word_1_103' title='bbox 226 1700 393 1766; x_wconf 82' lang='lat' dir='ltr'><strong>Commodi</strong></span> <span class='ocrx_word' id='word_1_104' title='bbox 419 1703 494 1762; x_wconf 86' lang='lat' dir='ltr'><strong>Ant.</strong></span> <span class='ocrx_word' id='word_1_105' title='bbox 527 1698 579 1764; x_wconf 81' lang='lat' dir='ltr'><strong>lo:</strong></span> <span class='ocrx_word' id='word_1_106' title='bbox 614 1699 788 1780; x_wconf 85' lang='lat' dir='ltr'><strong>„Herculis</strong></span> <span class='ocrx_word' id='word_1_107' title='bbox 821 1699 946 1780; x_wconf 84' lang='lat' dir='ltr'><strong>signum</strong></span> <span class='ocrx_word' id='word_1_108' title='bbox 966 1715 1100 1760; x_wconf 85' lang='lat' dir='ltr'><strong>aeneum</strong></span> <span class='ocrx_word' id='word_1_109' title='bbox 1122 1696 1251 1762; x_wconf 89' lang='lat' dir='ltr'><strong>sudavit</strong></span> <span class='ocrx_word' id='word_1_110' title='bbox 1270 1696 1303 1758; x_wconf 89' lang='lat' dir='ltr'><strong>in</strong></span> <span class='ocrx_word' id='word_1_111' title='bbox 1325 1697 1468 1760; x_wconf 81' lang='lat' dir='ltr'><strong>Minucia</strong></span> 
     </span>
     <span class='ocr_line' id='line_1_15' title="bbox 225 1801 1468 1893; baseline -0.007 -19"><span class='ocrx_word' id='word_1_112' title='bbox 225 1813 411 1893; x_wconf 87' lang='lat' dir='ltr'><strong>perplures</strong></span> <span class='ocrx_word' id='word_1_113' title='bbox 433 1804 535 1872; x_wconf 87' lang='lat' dir='ltr'><strong>dies“</strong></span> <span class='ocrx_word' id='word_1_114' title='bbox 577 1807 647 1871; x_wconf 83' lang='lat' dir='ltr'><strong>Cio.</strong></span> <span class='ocrx_word' id='word_1_115' title='bbox 669 1806 765 1870; x_wconf 88' lang='lat' dir='ltr'><strong>divin.</strong></span> <span class='ocrx_word' id='word_1_116' title='bbox 786 1809 811 1885; x_wconf 91' lang='lat'><strong>1,</strong></span> <span class='ocrx_word' id='word_1_117' title='bbox 831 1807 889 1872; x_wconf 79' lang='grc'><strong>483</strong></span> <span class='ocrx_word' id='word_1_118' title='bbox 912 1801 1050 1889; x_wconf 72' lang='lat' dir='ltr'><strong>„Quid‘l</strong></span> <span class='ocrx_word' id='word_1_119' title='bbox 1082 1825 1180 1888; x_wconf 82' lang='lat' dir='ltr'><strong>quom</strong></span> <span class='ocrx_word' id='word_1_120' title='bbox 1210 1805 1321 1870; x_wconf 88' lang='lat' dir='ltr'><strong>Cumis</strong></span> <span class='ocrx_word' id='word_1_121' title='bbox 1352 1805 1468 1886; x_wconf 81' lang='lat' dir='ltr'><strong>Apollo</strong></span> 
     </span>
     <span class='ocr_line' id='line_1_16' title="bbox 205 1914 1468 1998; baseline -0.004 -17"><span class='ocrx_word' id='word_1_122' title='bbox 205 1917 364 1992; x_wconf 69' lang='lat' dir='ltr'><strong>&#39;sudavit</strong></span> <span class='ocrx_word' id='word_1_123' title='bbox 390 1917 521 1998; x_wconf 80' lang='lat' dir='ltr'><strong>Capuae</strong></span> <span class='ocrx_word' id='word_1_124' title='bbox 543 1914 743 1982; x_wconf 69' lang='lat' dir='ltr'><strong>Victorlai“</strong></span> <span class='ocrx_word' id='word_1_125' title='bbox 787 1919 905 1998; x_wconf 87' lang='lat' dir='ltr'><strong>Neque</strong></span> <span class='ocrx_word' id='word_1_126' title='bbox 926 1924 1034 1980; x_wconf 88' lang='lat' dir='ltr'><strong>tamen</strong></span> <span class='ocrx_word' id='word_1_127' title='bbox 1062 1915 1259 1995; x_wconf 79' lang='lat' dir='ltr'><strong>crediderim,</strong></span> <span class='ocrx_word' id='word_1_128' title='bbox 1290 1916 1398 1978; x_wconf 88' lang='lat' dir='ltr'><strong>omnia</strong></span> <span class='ocrx_word' id='word_1_129' title='bbox 1420 1915 1468 1976; x_wconf 83' lang='lat' dir='ltr'><strong>illa</strong></span> 
     </span>
     <span class='ocr_line' id='line_1_17' title="bbox 225 2024 1467 2110; baseline -0.002 -22"><span class='ocrx_word' id='word_1_130' title='bbox 225 2025 381 2110; x_wconf 79' lang='lat' dir='ltr'><strong>prodigia,</strong></span> <span class='ocrx_word' id='word_1_131' title='bbox 403 2044 484 2106; x_wconf 88' lang='lat' dir='ltr'><strong>quae</strong></span> <span class='ocrx_word' id='word_1_132' title='bbox 504 2026 668 2109; x_wconf 88' lang='lat' dir='ltr'><strong>Vergilius</strong></span> <span class='ocrx_word' id='word_1_133' title='bbox 690 2024 812 2107; x_wconf 83' lang='lat' dir='ltr'><strong>Georg.</strong></span> <span class='ocrx_word' id='word_1_134' title='bbox 833 2028 859 2105; x_wconf 88' lang='lat' dir='ltr'><strong>l,</strong></span> <span class='ocrx_word' id='word_1_135' title='bbox 883 2025 1050 2090; x_wconf 84' lang='grc'><strong>468-488</strong></span> <span class='ocrx_word' id='word_1_136' title='bbox 1068 2027 1230 2086; x_wconf 78' lang='lat' dir='ltr'><strong>exstincto</strong></span> <span class='ocrx_word' id='word_1_137' title='bbox 1240 2024 1386 2088; x_wconf 85' lang='lat' dir='ltr'><strong>Caesare</strong></span> <span class='ocrx_word' id='word_1_138' title='bbox 1409 2042 1467 2086; x_wconf 89' lang='lat' dir='ltr'><strong>ac-</strong></span> 
     </span>
    </p>
   </div>
   <div class='ocr_carea' id='block_1_7' title="bbox 100 2124 1463 2215">
    <p class='ocr_par' dir='ltr' id='par_1_8' title="bbox 100 2124 1463 2215">
     <span class='ocr_line' id='line_1_18' title="bbox 100 2124 1463 2215; baseline -0.001 -21"><span class='ocrx_word' id='word_1_139' title='bbox 100 2188 103 2194; x_wconf 88' lang='lat'>.</span> <span class='ocrx_word' id='word_1_140' title='bbox 226 2124 347 2200; x_wconf 86' lang='lat' dir='ltr'><strong>cidisse</strong></span> <span class='ocrx_word' id='word_1_141' title='bbox 366 2150 488 2208; x_wconf 87' lang='lat' dir='ltr'><strong>narrat,</strong></span> <span class='ocrx_word' id='word_1_142' title='bbox 520 2155 633 2198; x_wconf 84' lang='lat' dir='ltr'><strong>revera</strong></span> <span class='ocrx_word' id='word_1_143' title='bbox 654 2137 757 2199; x_wconf 83' lang='lat' dir='ltr'><strong>inisse</strong></span> <span class='ocrx_word' id='word_1_144' title='bbox 779 2140 939 2210; x_wconf 75' lang='lat' dir='ltr'><strong>arundeis,</strong></span> <span class='ocrx_word' id='word_1_145' title='bbox 969 2133 1029 2206; x_wconf 85' lang='lat' dir='ltr'><strong>sed</strong></span> <span class='ocrx_word' id='word_1_146' title='bbox 1063 2135 1189 2214; x_wconf 89' lang='lat' dir='ltr'><strong>poetica</strong></span> <span class='ocrx_word' id='word_1_147' title='bbox 1208 2133 1338 2195; x_wconf 83' lang='lat' dir='ltr'><strong>licentia</strong></span> <span class='ocrx_word' id='word_1_148' title='bbox 1362 2151 1463 2215; x_wconf 88' lang='lat' dir='ltr'><strong>pauca</strong></span> 
     </span>
    </p>
   </div>
   <div class='ocr_carea' id='block_1_8' title="bbox 143 2226 1486 2973">
    <p class='ocr_par' dir='ltr' id='par_1_9' title="bbox 143 2226 1486 2973">
     <span class='ocr_line' id='line_1_19' title="bbox 143 2226 1465 2328; baseline -0.005 -22"><span class='ocrx_word' id='word_1_149' title='bbox 143 2226 149 2254; x_wconf 83' lang='lat'><em>&#39;</em></span> <span class='ocrx_word' id='word_1_150' title='bbox 225 2243 291 2324; x_wconf 88' lang='lat' dir='ltr'><strong>illa,</strong></span> <span class='ocrx_word' id='word_1_151' title='bbox 313 2252 444 2327; x_wconf 87' lang='lat' dir='ltr'><strong>quorum</strong></span> <span class='ocrx_word' id='word_1_152' title='bbox 466 2264 569 2307; x_wconf 90' lang='lat' dir='ltr'><strong>rerum</strong></span> <span class='ocrx_word' id='word_1_153' title='bbox 582 2254 748 2328; x_wconf 83' lang='lat' dir='ltr'><strong>gestarum</strong></span> <span class='ocrx_word' id='word_1_154' title='bbox 763 2248 936 2324; x_wconf 79' lang='lat' dir='ltr'><strong>scriptores</strong></span> <span class='ocrx_word' id='word_1_155' title='bbox 947 2242 1129 2305; x_wconf 87' lang='lat' dir='ltr'><strong>memoriam</strong></span> <span class='ocrx_word' id='word_1_156' title='bbox 1146 2240 1298 2323; x_wconf 78' lang='lat' dir='ltr'><strong>inliciunt,</strong></span> <span class='ocrx_word' id='word_1_157' title='bbox 1319 2242 1352 2302; x_wconf 90' lang='lat' dir='ltr'><strong>in</strong></span> <span class='ocrx_word' id='word_1_158' title='bbox 1368 2242 1465 2304; x_wconf 88' lang='lat' dir='ltr'><strong>maius</strong></span> 
     </span>
     <span class='ocr_line' id='line_1_20' title="bbox 226 2337 1486 2434; baseline -0.004 -18"><span class='ocrx_word' id='word_1_159' title='bbox 226 2352 368 2416; x_wconf 81' lang='lat' dir='ltr'><strong>auxisse.</strong></span> <span class='ocrx_word' id='word_1_160' title='bbox 410 2352 515 2416; x_wconf 91' lang='lat' dir='ltr'><strong>Unum</strong></span> <span class='ocrx_word' id='word_1_161' title='bbox 537 2361 638 2417; x_wconf 85' lang='lat' dir='ltr'><strong>restat</strong></span> <span class='ocrx_word' id='word_1_162' title='bbox 657 2353 767 2415; x_wconf 88' lang='lat' dir='ltr'><strong>mirum</strong></span> <span class='ocrx_word' id='word_1_163' title='bbox 790 2371 870 2414; x_wconf 87' lang='lat' dir='ltr'><strong>sane</strong></span> <span class='ocrx_word' id='word_1_164' title='bbox 893 2360 1051 2414; x_wconf 84' lang='lat' dir='ltr'><strong>ostentum</strong></span> <span class='ocrx_word' id='word_1_165' title='bbox 1072 2349 1153 2410; x_wconf 86' lang='lat' dir='ltr'><strong>Aen.</strong></span> <span class='ocrx_word' id='word_1_166' title='bbox 1169 2349 1243 2434; x_wconf 89' lang='lat' dir='ltr'><strong>Vll,</strong></span> <span class='ocrx_word' id='word_1_167' title='bbox 1257 2347 1309 2410; x_wconf 76' lang='grc'><strong>64.</strong></span> <span class='ocrx_word' id='word_1_168' title='bbox 1325 2349 1368 2414; x_wconf 89' lang='lat' dir='ltr'><strong>de</strong></span> <span class='ocrx_word' id='word_1_169' title='bbox 1382 2353 1464 2413; x_wconf 89' lang='lat' dir='ltr'><strong>lauro</strong></span> <span class='ocrx_word' id='word_1_170' title='bbox 1485 2337 1486 2354; x_wconf 52' lang='lat'>¹</span> 
     </span>
     <span class='ocr_line' id='line_1_21' title="bbox 224 2443 1486 2528; baseline 0.002 -4"><span class='ocrx_word' id='word_1_171' title='bbox 224 2461 259 2524; x_wconf 91' lang='lat' dir='ltr'><strong>in</strong></span> <span class='ocrx_word' id='word_1_172' title='bbox 278 2463 387 2524; x_wconf 79' lang='lat' dir='ltr'><strong>lratini</strong></span> <span class='ocrx_word' id='word_1_173' title='bbox 407 2461 538 2525; x_wconf 89' lang='lat' dir='ltr'><strong>aedibus</strong></span> <span class='ocrx_word' id='word_1_174' title='bbox 559 2471 736 2528; x_wconf 74' lang='lat' dir='ltr'><strong>narratuma</strong></span> <span class='ocrx_word' id='word_1_175' title='bbox 1485 2443 1486 2466; x_wconf 64' lang='lat'>³</span> 
     </span>
     <span class='ocr_line' id='line_1_22' title="bbox 307 2569 1228 2651; baseline 0 -19"><span class='ocrx_word' id='word_1_176' title='bbox 307 2571 519 2648; x_wconf 70' lang='lat' dir='ltr'><strong>Hmne‘apes·</strong></span> <span class='ocrx_word' id='word_1_177' title='bbox 532 2589 690 2631; x_wconf 81' lang='lat' dir='ltr'><strong>summurn</strong></span> <span class='ocrx_word' id='word_1_178' title='bbox 711 2571 839 2651; x_wconf 67' lang='lat' dir='ltr'><strong>deuse,</strong></span> <span class='ocrx_word' id='word_1_179' title='bbox 861 2569 1004 2632; x_wconf 71' lang='lat' dir='ltr'><strong>mirabile</strong></span> <span class='ocrx_word' id='word_1_180' title='bbox 1024 2571 1119 2646; x_wconf 66' lang='lat' dir='ltr'><strong>dirim</strong></span> <span class='ocrx_word' id='word_1_181' title='bbox 1143 2597 1147 2603; x_wconf 82' lang='lat'><strong>·</strong></span> <span class='ocrx_word' id='word_1_182' title='bbox 1226 2627 1228 2632; x_wconf 90' lang='lat'><em>.</em></span> 
     </span>
     <span class='ocr_line' id='line_1_23' title="bbox 225 2661 1283 2773; baseline -0.005 -32"><span class='ocrx_word' id='word_1_183' title='bbox 225 2747 233 2773; x_wconf 25' lang='grc' dir='ltr'>ἢ</span> <span class='ocrx_word' id='word_1_184' title='bbox 306 2672 451 2741; x_wconf 68' lang='lat' dir='ltr'><strong>Stridore</strong></span> <span class='ocrx_word' id='word_1_185' title='bbox 469 2681 594 2754; x_wconf 68' lang='lat' dir='ltr'><strong>monenti</strong></span> <span class='ocrx_word' id='word_1_186' title='bbox 613 2661 766 2758; x_wconf 70' lang='lat' dir='ltr'><strong>liquidum</strong></span> <span class='ocrx_word' id='word_1_187' title='bbox 788 2683 880 2739; x_wconf 80' lang='lat' dir='ltr'><strong>trans</strong></span> <span class='ocrx_word' id='word_1_188' title='bbox 900 2678 1031 2738; x_wconf 74' lang='lat' dir='ltr'><strong>aeruna</strong></span> <span class='ocrx_word' id='word_1_189' title='bbox 1050 2683 1178 2756; x_wconf 78' lang='lat' dir='ltr'><strong>vectae,</strong></span> <span class='ocrx_word' id='word_1_190' title='bbox 1279 2736 1283 2744; x_wconf 84' lang='grc'><strong>,</strong></span> 
     </span>
     <span class='ocr_line' id='line_1_24' title="bbox 308 2781 1145 2864; baseline -0.002 -15"><span class='ocrx_word' id='word_1_191' title='bbox 308 2786 466 2849; x_wconf 74' lang='lat' dir='ltr'><strong>obsedere</strong></span> <span class='ocrx_word' id='word_1_192' title='bbox 486 2788 616 2863; x_wconf 80' lang='lat' dir='ltr'><strong>apicem,</strong></span> <span class='ocrx_word' id='word_1_193' title='bbox 639 2786 822 2862; x_wconf 78' lang='lat' dir='ltr'><strong>etpedibus</strong></span> <span class='ocrx_word' id='word_1_194' title='bbox 839 2804 899 2864; x_wconf 84' lang='lat' dir='ltr'><strong>per</strong></span> <span class='ocrx_word' id='word_1_195' title='bbox 918 2781 1029 2847; x_wconf 78' lang='lat' dir='ltr'><strong>mutan</strong></span> <span class='ocrx_word' id='word_1_196' title='bbox 1048 2787 1145 2847; x_wconf 74' lang='lat' dir='ltr'><strong>neeis</strong></span> 
     </span>
     <span class='ocr_line' id='line_1_25' title="bbox 307 2893 1086 2973; baseline -0.003 -17"><span class='ocrx_word' id='word_1_197' title='bbox 307 2893 460 2956; x_wconf 69' lang='lat' dir='ltr'><strong>neaman</strong></span> <span class='ocrx_word' id='word_1_198' title='bbox 479 2894 618 2954; x_wconf 71' lang='lat' dir='ltr'><strong>audituro</strong></span> <span class='ocrx_word' id='word_1_199' title='bbox 635 2909 724 2953; x_wconf 81' lang='lat' dir='ltr'><strong>ramo</strong></span> <span class='ocrx_word' id='word_1_200' title='bbox 741 2895 912 2973; x_wconf 75' lang='lat' dir='ltr'><strong>frondente</strong></span> <span class='ocrx_word' id='word_1_201' title='bbox 928 2895 1086 2972; x_wconf 75' lang='lat' dir='ltr'><strong>pependit.</strong></span> 
     </span>
    </p>
   </div>
   <div class='ocr_carea' id='block_1_9' title="bbox 205 3004 1460 3216">
    <p class='ocr_par' dir='ltr' id='par_1_10' title="bbox 205 3004 1460 3216">
     <span class='ocr_line' id='line_1_26' title="bbox 223 3004 1460 3107; baseline -0.003 -21"><span class='ocrx_word' id='word_1_202' title='bbox 223 3024 253 3086; x_wconf 78' lang='grc' dir='ltr'><strong>Ε</strong></span> <span class='ocrx_word' id='word_1_203' title='bbox 275 3025 379 3088; x_wconf 85' lang='lat' dir='ltr'><strong>multis</strong></span> <span class='ocrx_word' id='word_1_204' title='bbox 401 3004 542 3086; x_wconf 88' lang='lat' dir='ltr'><strong>eiusdem</strong></span> <span class='ocrx_word' id='word_1_205' title='bbox 559 3021 616 3086; x_wconf 66' lang='lat' dir='ltr'><strong>&#39;rei</strong></span> <span class='ocrx_word' id='word_1_206' title='bbox 642 3022 726 3105; x_wconf 87' lang='lat' dir='ltr'><strong>apud</strong></span> <span class='ocrx_word' id='word_1_207' title='bbox 747 3025 875 3088; x_wconf 84' lang='lat' dir='ltr'><strong>Livium</strong></span> <span class='ocrx_word' id='word_1_208' title='bbox 897 3025 1074 3106; x_wconf 88' lang='lat' dir='ltr'><strong>loliumque</strong></span> <span class='ocrx_word' id='word_1_209' title='bbox 1094 3024 1332 3106; x_wconf 80' lang='lat' dir='ltr'><strong>Obsequentem</strong></span> <span class='ocrx_word' id='word_1_210' title='bbox 1356 3023 1460 3107; x_wconf 92' lang='lat' dir='ltr'><strong>prodi·</strong></span> 
     </span>
     <span class='ocr_line' id='line_1_27' title="bbox 205 3129 1460 3216; baseline -0.002 -21"><span class='ocrx_word' id='word_1_211' title='bbox 205 3151 211 3163; x_wconf 88' lang='grc'><strong>··</strong></span> <span class='ocrx_word' id='word_1_212' title='bbox 222 3132 287 3216; x_wconf 81' lang='lat' dir='ltr'><strong>giis</strong></span> <span class='ocrx_word' id='word_1_213' title='bbox 307 3149 405 3193; x_wconf 86' lang='lat' dir='ltr'><strong>unum</strong></span> <span class='ocrx_word' id='word_1_214' title='bbox 426 3129 569 3212; x_wconf 82' lang='lat' dir='ltr'><strong>eligimus</strong></span> <span class='ocrx_word' id='word_1_215' title='bbox 587 3131 777 3193; x_wconf 88' lang='lat' dir='ltr'><strong>simillimum</strong></span> <span class='ocrx_word' id='word_1_216' title='bbox 789 3131 964 3212; x_wconf 68' lang='lat' dir='ltr'><strong>himxxl,</strong></span> <span class='ocrx_word' id='word_1_217' title='bbox 979 3131 1035 3196; x_wconf 87' lang='grc'><strong>463</strong></span> <span class='ocrx_word' id='word_1_218' title='bbox 1057 3131 1221 3208; x_wconf 71' lang='lat' dir='ltr'><strong>„Examen</strong></span> <span class='ocrx_word' id='word_1_219' title='bbox 1242 3151 1338 3213; x_wconf 89' lang='lat' dir='ltr'><strong>apum</strong></span> <span class='ocrx_word' id='word_1_220' title='bbox 1359 3134 1392 3195; x_wconf 90' lang='lat' dir='ltr'><strong>in</strong></span> <span class='ocrx_word' id='word_1_221' title='bbox 1412 3151 1460 3194; x_wconf 88' lang='lat' dir='ltr'><strong>ar·</strong></span> 
     </span>
    </p>
   </div>
   <div class='ocr_carea' id='block_1_10' title="bbox 85 3232 1459 3321">
    <p class='ocr_par' dir='ltr' id='par_1_11' title="bbox 85 3232 1459 3321">
     <span class='ocr_line' id='line_1_28' title="bbox 85 3232 1459 3321; baseline -0.002 -20"><span class='ocrx_word' id='word_1_222' title='bbox 85 3299 92 3314; x_wconf 76' lang='grc'><strong>,</strong></span> <span class='ocrx_word' id='word_1_223' title='bbox 221 3240 300 3302; x_wconf 88' lang='lat' dir='ltr'><strong>bore</strong></span> <span class='ocrx_word' id='word_1_224' title='bbox 322 3243 477 3321; x_wconf 88' lang='lat' dir='ltr'><strong>practorio</strong></span> <span class='ocrx_word' id='word_1_225' title='bbox 499 3239 678 3301; x_wconf 88' lang='lat' dir='ltr'><strong>imminente</strong></span> <span class='ocrx_word' id='word_1_226' title='bbox 698 3232 922 3302; x_wconf 80' lang='lat' dir='ltr'><strong>consederat.“</strong></span> <span class='ocrx_word' id='word_1_227' title='bbox 968 3239 1089 3300; x_wconf 89' lang='lat' dir='ltr'><strong>Nostro</strong></span> <span class='ocrx_word' id='word_1_228' title='bbox 1117 3240 1189 3300; x_wconf 90' lang='lat' dir='ltr'><strong>loco</strong></span> <span class='ocrx_word' id='word_1_229' title='bbox 1211 3238 1386 3301; x_wconf 85' lang='lat' dir='ltr'><strong>adventum</strong></span> <span class='ocrx_word' id='word_1_230' title='bbox 1408 3236 1459 3300; x_wconf 87' lang='lat' dir='ltr'><strong>viri</strong></span> 
     </span>
    </p>
   </div>
   <div class='ocr_carea' id='block_1_11' title="bbox 130 3346 1486 4835">
    <p class='ocr_par' dir='ltr' id='par_1_12' title="bbox 130 3346 1486 4835">
     <span class='ocr_line' id='line_1_29' title="bbox 221 3346 1458 3432; baseline -0.003 -22"><span class='ocrx_word' id='word_1_231' title='bbox 221 3347 379 3432; x_wconf 85' lang='lat' dir='ltr'><strong>peregrini</strong></span> <span class='ocrx_word' id='word_1_232' title='bbox 401 3362 441 3409; x_wconf 93' lang='lat' dir='ltr'><strong>eo</strong></span> <span class='ocrx_word' id='word_1_233' title='bbox 462 3349 567 3408; x_wconf 91' lang='lat' dir='ltr'><strong>omine</strong></span> <span class='ocrx_word' id='word_1_234' title='bbox 587 3346 718 3409; x_wconf 87' lang='lat' dir='ltr'><strong>iudicari</strong></span> <span class='ocrx_word' id='word_1_235' title='bbox 739 3347 967 3428; x_wconf 89' lang='lat' dir='ltr'><strong>imperiumque</strong></span> <span class='ocrx_word' id='word_1_236' title='bbox 987 3347 1057 3408; x_wconf 90' lang='lat' dir='ltr'><strong>eius</strong></span> <span class='ocrx_word' id='word_1_237' title='bbox 1079 3347 1187 3408; x_wconf 85' lang='lat' dir='ltr'><strong>statim</strong></span> <span class='ocrx_word' id='word_1_238' title='bbox 1209 3367 1228 3408; x_wconf 91' lang='grc' dir='ltr'>ε</span> <span class='ocrx_word' id='word_1_239' title='bbox 1249 3347 1335 3410; x_wconf 88' lang='lat' dir='ltr'><strong>vatis</strong></span> <span class='ocrx_word' id='word_1_240' title='bbox 1358 3347 1458 3409; x_wconf 85' lang='lat' dir='ltr'><strong>verbis</strong></span> 
     </span>
     <span class='ocr_line' id='line_1_30' title="bbox 147 3452 1457 3541; baseline -0.005 -19"><span class='ocrx_word' id='word_1_241' title='bbox 147 3457 152 3463; x_wconf 78' lang='grc'><strong>’</strong></span> <span class='ocrx_word' id='word_1_242' title='bbox 219 3467 317 3541; x_wconf 84' lang='lat' dir='ltr'><strong>patet.</strong></span> <span class='ocrx_word' id='word_1_243' title='bbox 358 3456 495 3520; x_wconf 87' lang='lat' dir='ltr'><strong>Additur</strong></span> <span class='ocrx_word' id='word_1_244' title='bbox 516 3459 611 3520; x_wconf 87' lang='lat' dir='ltr'><strong>etiam</strong></span> <span class='ocrx_word' id='word_1_245' title='bbox 631 3457 787 3519; x_wconf 73' lang='lat' dir='ltr'><strong>Lauiniae</strong></span> <span class='ocrx_word' id='word_1_246' title='bbox 807 3452 892 3518; x_wconf 89' lang='lat' dir='ltr'><strong>aliud</strong></span> <span class='ocrx_word' id='word_1_247' title='bbox 913 3454 1034 3534; x_wconf 88' lang='lat' dir='ltr'><strong>imperii</strong></span> <span class='ocrx_word' id='word_1_248' title='bbox 1054 3453 1181 3536; x_wconf 86' lang='lat' dir='ltr'><strong>signum</strong></span> <span class='ocrx_word' id='word_1_249' title='bbox 1202 3453 1251 3515; x_wconf 83' lang='lat'><strong>71.</strong></span> <span class='ocrx_word' id='word_1_250' title='bbox 1272 3455 1457 3518; x_wconf 83' lang='lat' dir='ltr'><strong>flammaiu·</strong></span> 
     </span>
     <span class='ocr_line' id='line_1_31' title="bbox 219 3561 1486 3650; baseline -0.003 -20"><span class='ocrx_word' id='word_1_251' title='bbox 219 3568 329 3650; x_wconf 84' lang='lat' dir='ltr'><strong>noxia,</strong></span> <span class='ocrx_word' id='word_1_252' title='bbox 351 3566 392 3630; x_wconf 89' lang='lat' dir='ltr'><strong>de</strong></span> <span class='ocrx_word' id='word_1_253' title='bbox 414 3584 476 3648; x_wconf 86' lang='lat' dir='ltr'><strong>que</strong></span> <span class='ocrx_word' id='word_1_254' title='bbox 500 3568 564 3628; x_wconf 90' lang='lat' dir='ltr'><strong>iam</strong></span> <span class='ocrx_word' id='word_1_255' title='bbox 586 3565 682 3626; x_wconf 91' lang='lat' dir='ltr'><strong>locuti</strong></span> <span class='ocrx_word' id='word_1_256' title='bbox 704 3582 826 3629; x_wconf 87' lang='lat' dir='ltr'><strong>sumus.</strong></span> <span class='ocrx_word' id='word_1_257' title='bbox 868 3564 917 3624; x_wconf 88' lang='lat' dir='ltr'><strong>lta</strong></span> <span class='ocrx_word' id='word_1_258' title='bbox 937 3562 1034 3624; x_wconf 92' lang='lat' dir='ltr'><strong>lolius</strong></span> <span class='ocrx_word' id='word_1_259' title='bbox 1056 3561 1257 3643; x_wconf 83' lang='lat' dir='ltr'><strong>Capitolinus</strong></span> <span class='ocrx_word' id='word_1_260' title='bbox 1279 3561 1310 3624; x_wconf 74' lang='grc' dir='ltr'><strong>3ι</strong></span> <span class='ocrx_word' id='word_1_261' title='bbox 1331 3565 1374 3626; x_wconf 93' lang='lat' dir='ltr'><strong>de</strong></span> <span class='ocrx_word' id='word_1_262' title='bbox 1393 3565 1457 3626; x_wconf 91' lang='lat' dir='ltr'><strong>An·</strong></span> <span class='ocrx_word' id='word_1_263' title='bbox 1485 3637 1486 3640; x_wconf 8' lang='grc' dir='ltr'><strong>Ἴ</strong></span> 
     </span>
     <span class='ocr_line' id='line_1_32' title="bbox 130 3661 1486 3758; baseline -0.005 -18"><span class='ocrx_word' id='word_1_264' title='bbox 130 3697 144 3715; x_wconf 76' lang='grc'><strong>’-</strong></span> <span class='ocrx_word' id='word_1_265' title='bbox 218 3681 304 3740; x_wconf 90' lang='lat' dir='ltr'><strong>tonio</strong></span> <span class='ocrx_word' id='word_1_266' title='bbox 339 3676 398 3739; x_wconf 91' lang='lat' dir='ltr'><strong>Pio</strong></span> <span class='ocrx_word' id='word_1_267' title='bbox 427 3683 463 3737; x_wconf 92' lang='lat' dir='ltr'><strong>ut</strong></span> <span class='ocrx_word' id='word_1_268' title='bbox 498 3675 617 3758; x_wconf 89' lang='lat' dir='ltr'><strong>imperii</strong></span> <span class='ocrx_word' id='word_1_269' title='bbox 640 3693 733 3737; x_wconf 91' lang='lat' dir='ltr'><strong>omen</strong></span> <span class='ocrx_word' id='word_1_270' title='bbox 761 3673 874 3737; x_wconf 83' lang='lat' dir='ltr'><strong>refert:</strong></span> <span class='ocrx_word' id='word_1_271' title='bbox 897 3672 1003 3754; x_wconf 80' lang='lat' dir='ltr'><strong>„liius</strong></span> <span class='ocrx_word' id='word_1_272' title='bbox 1030 3681 1155 3736; x_wconf 89' lang='lat' dir='ltr'><strong>statuas</strong></span> <span class='ocrx_word' id='word_1_273' title='bbox 1176 3673 1207 3734; x_wconf 92' lang='lat' dir='ltr'><strong>in</strong></span> <span class='ocrx_word' id='word_1_274' title='bbox 1229 3675 1315 3735; x_wconf 89' lang='lat' dir='ltr'><strong>omni</strong></span> <span class='ocrx_word' id='word_1_275' title='bbox 1337 3671 1456 3734; x_wconf 78' lang='lat' dir='ltr'><strong>Etruria</strong></span> <span class='ocrx_word' id='word_1_276' title='bbox 1485 3661 1486 3714; x_wconf 65' lang='lat' dir='ltr'><strong>i</strong></span> 
     </span>
     <span class='ocr_line' id='line_1_33' title="bbox 219 3775 1457 3864; baseline -0.003 -20"><span class='ocrx_word' id='word_1_277' title='bbox 219 3802 354 3845; x_wconf 82' lang='lat' dir='ltr'><strong>oxomen</strong></span> <span class='ocrx_word' id='word_1_278' title='bbox 376 3800 470 3864; x_wconf 88' lang='lat' dir='ltr'><strong>apum</strong></span> <span class='ocrx_word' id='word_1_279' title='bbox 491 3775 663 3862; x_wconf 82' lang='lat' dir='ltr'><strong>replevit.“</strong></span> <span class='ocrx_word' id='word_1_280' title='bbox 697 3779 804 3858; x_wconf 82' lang='lat' dir='ltr'><strong>Quam</strong></span> <span class='ocrx_word' id='word_1_281' title='bbox 824 3779 1066 3843; x_wconf 89' lang='lat' dir='ltr'><strong>inconstantiam</strong></span> <span class='ocrx_word' id='word_1_282' title='bbox 1087 3779 1150 3840; x_wconf 86' lang='lat' dir='ltr'><strong>iam</strong></span> <span class='ocrx_word' id='word_1_283' title='bbox 1174 3780 1363 3842; x_wconf 81' lang='lat' dir='ltr'><strong>observavit</strong></span> <span class='ocrx_word' id='word_1_284' title='bbox 1384 3781 1457 3844; x_wconf 88' lang='lat' dir='ltr'><strong>Plio.</strong></span> 
     </span>
     <span class='ocr_line' id='line_1_34' title="bbox 218 3879 1486 3972; baseline -0.002 -22"><span class='ocrx_word' id='word_1_285' title='bbox 218 3889 261 3951; x_wconf 88' lang='lat' dir='ltr'><strong>N.</strong></span> <span class='ocrx_word' id='word_1_286' title='bbox 282 3889 324 3951; x_wconf 75' lang='lat' dir='ltr'><strong>IL</strong></span> <span class='ocrx_word' id='word_1_287' title='bbox 346 3890 405 3971; x_wconf 83' lang='lat' dir='ltr'><strong>xl,</strong></span> <span class='ocrx_word' id='word_1_288' title='bbox 430 3889 484 3952; x_wconf 87' lang='grc'><strong>183</strong></span> <span class='ocrx_word' id='word_1_289' title='bbox 510 3887 663 3972; x_wconf 84' lang='lat' dir='ltr'><strong>„Sedere</strong></span> <span class='ocrx_word' id='word_1_290' title='bbox 682 3888 712 3949; x_wconf 94' lang='lat' dir='ltr'><strong>in</strong></span> <span class='ocrx_word' id='word_1_291' title='bbox 735 3887 851 3950; x_wconf 86' lang='lat' dir='ltr'><strong>castris</strong></span> <span class='ocrx_word' id='word_1_292' title='bbox 872 3887 970 3949; x_wconf 86' lang='lat' dir='ltr'><strong>Drusi</strong></span> <span class='ocrx_word' id='word_1_293' title='bbox 990 3887 1201 3970; x_wconf 82' lang='lat' dir='ltr'><strong>imperatoris,</strong></span> <span class='ocrx_word' id='word_1_294' title='bbox 1224 3908 1297 3951; x_wconf 90' lang='lat' dir='ltr'><strong>cum</strong></span> <span class='ocrx_word' id='word_1_295' title='bbox 1312 3907 1456 3971; x_wconf 89' lang='lat' dir='ltr'><strong>prosper·</strong></span> <span class='ocrx_word' id='word_1_296' title='bbox 1485 3879 1486 3884; x_wconf 62' lang='grc'>’</span> 
     </span>
     <span class='ocr_line' id='line_1_35' title="bbox 217 3994 1455 4080; baseline -0.002 -21"><span class='ocrx_word' id='word_1_297' title='bbox 217 3999 295 4060; x_wconf 87' lang='lat' dir='ltr'><strong>rime</strong></span> <span class='ocrx_word' id='word_1_298' title='bbox 328 4008 501 4080; x_wconf 80' lang='lat' dir='ltr'><strong>pugnatum</strong></span> <span class='ocrx_word' id='word_1_299' title='bbox 535 3997 619 4078; x_wconf 90' lang='lat' dir='ltr'><strong>apud</strong></span> <span class='ocrx_word' id='word_1_300' title='bbox 657 3994 849 4059; x_wconf 83' lang='lat' dir='ltr'><strong>Arbalonem</strong></span> <span class='ocrx_word' id='word_1_301' title='bbox 884 4003 954 4071; x_wconf 85' lang='lat' dir='ltr'><strong>est,</strong></span> <span class='ocrx_word' id='word_1_302' title='bbox 997 3994 1083 4059; x_wconf 88' lang='lat' dir='ltr'><strong>haud</strong></span> <span class='ocrx_word' id='word_1_303' title='bbox 1114 4013 1271 4077; x_wconf 86' lang='lat' dir='ltr'><strong>quaquam</strong></span> <span class='ocrx_word' id='word_1_304' title='bbox 1310 4003 1455 4076; x_wconf 85' lang='lat' dir='ltr'><strong>perpetua</strong></span> 
     </span>
     <span class='ocr_line' id='line_1_36' title="bbox 218 4097 1486 4188; baseline -0.002 -20"><span class='ocrx_word' id='word_1_305' title='bbox 218 4107 399 4188; x_wconf 81' lang='lat' dir='ltr'><strong>aruspicum</strong></span> <span class='ocrx_word' id='word_1_306' title='bbox 430 4107 636 4187; x_wconf 81' lang='lat' dir='ltr'><strong>coniectura,</strong></span> <span class='ocrx_word' id='word_1_307' title='bbox 658 4105 709 4188; x_wconf 90' lang='lat' dir='ltr'><strong>qui</strong></span> <span class='ocrx_word' id='word_1_308' title='bbox 742 4102 842 4166; x_wconf 90' lang='lat' dir='ltr'><strong>dirum</strong></span> <span class='ocrx_word' id='word_1_309' title='bbox 862 4102 893 4166; x_wconf 93' lang='lat' dir='ltr'><strong>id</strong></span> <span class='ocrx_word' id='word_1_310' title='bbox 916 4105 1075 4166; x_wconf 87' lang='lat' dir='ltr'><strong>ostentum</strong></span> <span class='ocrx_word' id='word_1_311' title='bbox 1097 4105 1279 4167; x_wconf 87' lang='lat' dir='ltr'><strong>existimant</strong></span> <span class='ocrx_word' id='word_1_312' title='bbox 1301 4097 1455 4186; x_wconf 86' lang='lat' dir='ltr'><strong>semper.“</strong></span> <span class='ocrx_word' id='word_1_313' title='bbox 1485 4165 1486 4174; x_wconf 66' lang='grc'>,</span> 
     </span>
     <span class='ocr_line' id='line_1_37' title="bbox 301 4214 1486 4298; baseline -0.002 -21"><span class='ocrx_word' id='word_1_314' title='bbox 301 4214 600 4297; x_wconf 79' lang='lat' dir='ltr'><strong>Progredimurad.</strong></span> <span class='ocrx_word' id='word_1_315' title='bbox 697 4284 699 4291; x_wconf 19' lang='lat' dir='ltr'>y</span> <span class='ocrx_word' id='word_1_316' title='bbox 1485 4223 1486 4298; x_wconf 70' lang='lat' dir='ltr'>J</span> 
     </span>
     <span class='ocr_line' id='line_1_38' title="bbox 639 4323 1106 4394; baseline 0.002 -10"><span class='ocrx_word' id='word_1_317' title='bbox 639 4323 805 4388; x_wconf 79' lang='lat' dir='ltr'><strong>somnia</strong></span> <span class='ocrx_word' id='word_1_318' title='bbox 1101 4390 1106 4394; x_wconf 8' lang='grc' dir='ltr'>λ</span> 
     </span>
     <span class='ocr_line' id='line_1_39' title="bbox 299 4429 1486 4516; baseline -0.005 -22"><span class='ocrx_word' id='word_1_319' title='bbox 299 4431 411 4494; x_wconf 84' lang='lat' dir='ltr'><strong>Somni</strong></span> <span class='ocrx_word' id='word_1_320' title='bbox 430 4451 628 4516; x_wconf 86' lang='lat' dir='ltr'><strong>nequaquam</strong></span> <span class='ocrx_word' id='word_1_321' title='bbox 643 4433 770 4495; x_wconf 89' lang='lat' dir='ltr'><strong>videtur</strong></span> <span class='ocrx_word' id='word_1_322' title='bbox 790 4429 1015 4513; x_wconf 79' lang='lat' dir='ltr'><strong>poetacertam</strong></span> <span class='ocrx_word' id='word_1_323' title='bbox 1027 4447 1277 4513; x_wconf 84' lang='lat' dir='ltr'><strong>expressamque</strong></span> <span class='ocrx_word' id='word_1_324' title='bbox 1291 4429 1452 4511; x_wconf 81' lang='lat' dir='ltr'><strong>imaginem</strong></span> <span class='ocrx_word' id='word_1_325' title='bbox 1485 4477 1486 4506; x_wconf 23' lang='grc' dir='ltr'><strong>ς</strong></span> 
     </span>
     <span class='ocr_line' id='line_1_40' title="bbox 214 4537 1486 4623; baseline -0.002 -20"><span class='ocrx_word' id='word_1_326' title='bbox 214 4541 425 4623; x_wconf 83' lang='lat' dir='ltr'><strong>concepisse,</strong></span> <span class='ocrx_word' id='word_1_327' title='bbox 459 4541 519 4604; x_wconf 88' lang='lat' dir='ltr'><strong>sed</strong></span> <span class='ocrx_word' id='word_1_328' title='bbox 547 4542 638 4604; x_wconf 87' lang='lat' dir='ltr'><strong>varia</strong></span> <span class='ocrx_word' id='word_1_329' title='bbox 665 4542 798 4604; x_wconf 86' lang='lat' dir='ltr'><strong>Homeri</strong></span> <span class='ocrx_word' id='word_1_330' title='bbox 828 4541 1002 4604; x_wconf 83' lang='lat' dir='ltr'><strong>imitatione</strong></span> <span class='ocrx_word' id='word_1_331' title='bbox 1030 4540 1122 4602; x_wconf 90' lang='lat' dir='ltr'><strong>modo</strong></span> <span class='ocrx_word' id='word_1_332' title='bbox 1151 4540 1234 4602; x_wconf 88' lang='lat' dir='ltr'><strong>hauc</strong></span> <span class='ocrx_word' id='word_1_333' title='bbox 1263 4537 1359 4602; x_wconf 85' lang='lat' dir='ltr'><strong>modo</strong></span> <span class='ocrx_word' id='word_1_334' title='bbox 1379 4539 1452 4600; x_wconf 84' lang='lat' dir='ltr'><strong>illam</strong></span> <span class='ocrx_word' id='word_1_335' title='bbox 1485 4537 1486 4618; x_wconf 68' lang='lat' dir='ltr'><strong>l</strong></span> 
     </span>
     <span class='ocr_line' id='line_1_41' title="bbox 214 4646 1452 4732; baseline -0.002 -20"><span class='ocrx_word' id='word_1_336' title='bbox 214 4653 357 4732; x_wconf 87' lang='lat' dir='ltr'><strong>speciem</strong></span> <span class='ocrx_word' id='word_1_337' title='bbox 379 4647 574 4714; x_wconf 84' lang='lat' dir='ltr'><strong>adhibuisse.</strong></span> <span class='ocrx_word' id='word_1_338' title='bbox 616 4649 767 4716; x_wconf 84' lang='lat' dir='ltr'><strong>Attamen</strong></span> <span class='ocrx_word' id='word_1_339' title='bbox 789 4653 822 4712; x_wconf 92' lang='lat' dir='ltr'><strong>in</strong></span> <span class='ocrx_word' id='word_1_340' title='bbox 842 4648 892 4711; x_wconf 88' lang='lat' dir='ltr'><strong>his</strong></span> <span class='ocrx_word' id='word_1_341' title='bbox 913 4667 1039 4731; x_wconf 88' lang='lat' dir='ltr'><strong>quoque</strong></span> <span class='ocrx_word' id='word_1_342' title='bbox 1060 4667 1080 4710; x_wconf 90' lang='lat' dir='ltr'><strong>a</strong></span> <span class='ocrx_word' id='word_1_343' title='bbox 1102 4646 1232 4713; x_wconf 84' lang='lat' dir='ltr'><strong>Graeco</strong></span> <span class='ocrx_word' id='word_1_344' title='bbox 1256 4657 1334 4712; x_wconf 87' lang='lat' dir='ltr'><strong>vate</strong></span> <span class='ocrx_word' id='word_1_345' title='bbox 1355 4647 1452 4710; x_wconf 87' lang='lat' dir='ltr'><strong>distat</strong></span> 
     </span>
     <span class='ocr_line' id='line_1_42' title="bbox 212 4756 525 4835; baseline 0 -13"><span class='ocrx_word' id='word_1_346' title='bbox 212 4760 338 4822; x_wconf 73' lang='lat' dir='ltr'><strong>Etenim</strong></span> <span class='ocrx_word' id='word_1_347' title='bbox 360 4759 408 4835; x_wconf 89' lang='lat' dir='ltr'><strong>V,</strong></span> <span class='ocrx_word' id='word_1_348' title='bbox 431 4756 525 4827; x_wconf 74' lang='grc'><strong>8383</strong></span> 
     </span>
    </p>
   </div>
   <div class='ocr_carea' id='block_1_12' title="bbox 0 0 1504 5184">
    <p class='ocr_par' dir='ltr' id='par_1_13' title="bbox 0 0 1504 5184">
     <span class='ocr_line' id='line_1_43' title="bbox 0 0 1504 5184; baseline 0 4"><span class='ocrx_word' id='word_1_349' title='bbox 0 0 1504 5184; x_wconf 95' lang='lat' dir='ltr'><strong> </strong></span> 
     </span>
    </p>
   </div>
  </div>
 </body>
</html>
