3000 5184
192 237 234 302 74
499 237 557 301 lie
577 239 717 322 galea,
739 236 906 302 eassida
927 247 967 302 ot
988 241 1142 322 galero.

195 423 355 486 Ascanius
379 421 424 483 ait
446 422 503 503 lX,
525 421 604 484 269:

282 530 407 606 Vidisti,
430 552 490 611 quo
518 517 645 592 Τατααο
666 549 757 610 equo,
779 529 892 610 paidos
914 533 980 591 idat
998 536 1032 591 ι’νι
1053 537 1154 593 aroris

274 638 419 716 Αανααος
443 643 546 718 ipsum
567 638 658 700 illum
680 638 815 716 clipeum
836 643 1058 719 cristaeque
1079 642 1274 701 rodentis

274 747 449 822 Excipiam
469 750 560 825 corti,
584 750 648 807 r'om
669 762 756 805 νιανιο
778 751 834 805 tua
853 751 1009 823 proemio,
1029 747 1119 807 Nise.

197 853 324 914 'l'urnus
346 855 449 932 poscit
469 852 545 933 ΧΗ,
564 851 623 915 69:

276 962 458 1040 anemque
477 961 671 1039 clipeumque
690 965 723 1020 et
739 961 890 1020 rodroe
908 977 1030 1021 cornato
1043 964 1212 1020 cristae.

194 1068 314 1142 Rutuli,
339 1069 390 1151 qui
410 1070 441 1130 in
457 1069 594 1132 statione
615 1069 745 1151 vigilias
766 1077 930 1149 exercent,
952 1066 1162 1148 appellantur,
1184 1068 1246 1146 tx,
1273 1065 1351 1128 163:

278 1179 487 1254 Purpurea·
506 1182 656 1238 cristis
676 1180 807 1238 ιάνεαεο
827 1197 971 1258 auroque
991 1180 1127 1238 coroaoa'.

194 1282 358 1348 Pandarus
379 1297 411 1349 et
432 1289 532 1350 Bitias
555 1288 614 1360 IX,
637 1287 718 1350 678:

438 1397 566 1460 Armati
582 1400 671 1478 ferro
693 1404 725 1458 el
744 1402 891 1459 cristis
912 1399 1017 1475 capito
1037 1397 1106 1456 olla
1126 1399 1306 1457 τοιαυτί.

196 1502 263 1566 Sed
285 1502 445 1567 sufficiant
467 1506 561 1569 huius
583 1508 679 1569 moris
696 1507 895 1584 documenta,
921 1527 1011 1590 quem
1028 1508 1181 1571 Romanis
1195 1524 1257 1566 non
1275 1503 1439 1566 insuetum

194 1611 339 1694 quidem,
361 1615 390 1675 in
413 1616 539 1695 populis
559 1634 638 1677 voro
649 1660 660 1698 ,
683 1636 764 1698 quos
786 1617 1045 1698 debellaverunt,
1073 1616 1210 1678 maxime
1231 1624 1443 1694 eonspeotum

194 1722 296 1784 fuisse
317 1721 461 1786 videmus
485 1743 503 1786 e
529 1725 623 1787 lrivio
651 1727 715 1803 lX,
748 1727 805 1789 40:
839 1725 1071 1808 [Samnitibus]
1102 1726 1240 1808 „galeae
1272 1726 1440 1795 cristatae,

194 1849 277 1913 quoe
298 1832 436 1912 speciem
459 1835 665 1918 magnitudini
686 1855 851 1917 corporum
874 1832 1061 1898 adderent.“
1100 1836 1142 1912 X,
1163 1833 1221 1897 38:
1242 1832 1302 1894 llis
1322 1831 1443 1910 [Sam-

170 1937 303 2004 ‘uitium
337 1941 455 2024 legioni
486 1944 651 2025 linteatae]
691 1966 780 2010 arma
815 1947 952 2031 insignia
983 1947 1057 2009 data
1089 1956 1120 2009 et
1141 1947 1293 2007 cristatae
1314 1941 1442 2026 galeae,

194 2057 229 2110 nt
250 2049 329 2110 inter
353 2057 479 2111 ceteros
500 2031 706 2114 eminerent.“
750 2055 795 2136 X,
817 2054 867 2118 39.
889 2055 1034 2135 Papirius
1056 2052 1205 2115 disserit:
1232 2052 1334 2134 „Non
1356 2048 1443 2108 enim

195 2157 309 2217 cristas
344 2155 477 2217 vulnera
508 2156 653 2220 lacere.“
706 2161 798 2223 Unus
833 2162 945 2223 iterum
984 2161 1076 2223 uobis
1107 2157 1353 2222 considerandus
1391 2163 1442 2218 est

196 2263 322 2325 'l'uruus
343 2263 420 2344 Vll,
442 2263 521 2329 ⁷852

277 2371 340 2434 Ocri
357 2373 520 2452 triplici
545 2377 704 2436 crinito
727 2376 819 2436 ιάὂα
839 2375 947 2452 palea,
968 2375 1035 2434 olto
1058 2373 1259 2435 Chimaeram

173 2483 175 2489 ’
276 2477 433 2562 Sustinet,
454 2479 614 2542 Aetnaeos
633 2484 794 2562 efflantem
813 2482 963 2562 foecibus
984 2483 1081 2561 iperio,

280 2587 354 2648 Tam
375 2592 477 2666 mapia
499 2589 556 2649 illo
573 2592 716 2670 [remeas
737 2597 770 2651 ct
789 2589 931 2651 trictibus
954 2594 1049 2669 effera
1066 2589 1214 2667 fiammis,

277 2690 380 2768 Quom
402 2698 503 2772 mopir
522 2700 618 2775 effuso
641 2699 836 2758 crudescunt
854 2697 1012 2771 oaopur‘oe
1031 2712 1169 2772 properae.

194 2798 285 2862 'Pelia
316 2800 495 2863 animalium
525 2801 675 2865 hiantium
711 2811 851 2865 monstra
881 2803 913 2863 in
946 2801 1049 2884 galeis
1071 2800 1258 2882 praesertim
1279 2799 1439 2865 barbaro·

195 2927 265 2968 rum
286 2925 514 2989 saepenumero
542 2919 630 2972 erant
658 2912 782 2992 eliicta,
819 2920 914 2992 atque
945 2918 1042 2989 poeta
1068 2910 1175 2971 nescio
1206 2928 1247 2972 ao
1269 2909 1438 2970 barbarum
1490 2970 1491 2997 ,

195 3012 311 3097 aliquid
346 3014 484 3077 voluerit
515 3015 546 3078 in
576 3018 659 3080 omni
689 3020 784 3080 'l'urni
818 3018 927 3079 habitu
955 3016 1134 3100 designare.
1164 3016 1239 3084 ‘CK
1271 3017 1437 3082 Plutarch.

195 3121 278 3183 Mar.
299 3121 354 3184 25:
387 3115 428 3182 Οἱ
449 3118 480 3181 d’
500 3114 617 3196 ἱππεῖς
649 3120 728 3204 [τῶν
749 3119 922 3208 Κίμβρων]
945 3157 985 3168 --
1006 3157 1047 3168 -
1080 3109 1242 3207 ἐξήλασαν
1275 3117 1436 3208 λαμπροί,
1490 3114 1491 3207 ]

196 3213 295 3309 κράνη
315 3222 375 3305 μὲν
394 3220 569 3310 εἰσασμὲνα
589 3226 716 3317 θηρίων
737 3229 888 3318 φοβερῶν
910 3220 1056 3313 χοῖσμασι
1076 3227 1130 3293 καὶ
1149 3233 1332 3317 προτομαῖς
1352 3224 1437 3316 ἰδιο-
1490 3282 1491 3307 ,

194 3321 336 3420 μόρφοις
356 3325 492 3415 ἔχοντες,
512 3327 554 3412 οἶς
574 3327 782 3426 ἐπειρόμενοι·
800 3330 917 3429 λόφοις
937 3343 1121 3427 πτερωτοῖς
1151 3335 1200 3415 εἰς
1226 3330 1316 3428 ὕψος
1335 3335 1439 3426 ἐφαί-

195 3461 285 3506 νοντο
306 3439 448 3524 μείζους.
471 3448 620 3512 Attamen
637 3451 789 3532 triplicem
800 3453 905 3513 iubam
925 3451 1082 3531 crinitam,
1097 3450 1281 3514 oRomanis
1293 3449 1435 3512 hastatis

194 3557 357 3617 mutuatus
379 3561 430 3614 est
452 3564 555 3635 poeta,
577 3555 604 3616 si
627 3554 707 3618 fides
729 3555 875 3620 habenda
895 3565 946 3618 est
969 3557 1100 3640 Polybio
1124 3557 1184 3638 Vl,
1205 3555 1257 3632 23,
1281 3556 1336 3620 ra:
1358 3543 1434 3616 Ἐπὶ

195 3655 233 3722 δὲ
255 3655 337 3723 πᾶσι
357 3646 485 3735 τούτοις
504 3659 843 3746 προσεπικοσμοῠνιαι
866 3657 1016 3749 Ιπτερίνῳ
1037 3650 1188 3748 στεφάνῳ
1209 3657 1264 3723 καὶ
1296 3663 1436 3746 πτεροῖς

197 3763 427 3852 portendere
447 3759 469 3853 ἢ
488 3763 624 3849 μέλασιν
644 3761 763 3857 ὀρθοῖς
781 3769 896 3860 τρισίν,
912 3763 958 3848 οἷς
975 3767 1147 3859 πηχναίοις
1165 3762 1205 3834 ed
1224 3766 1379 3855 μέγεθος,
1392 3758 1437 3832 ὦν

175 3872 459 3961 προστεθέντων·
473 3865 555 3939 nord
575 3868 719 3964 κοροφῆν
739 3873 809 3962 ἅμα
839 3883 909 3958 τοῖς
943 3872 1055 3956 ἄλλοις
1087 3871 1203 3954 ὅπλοις
1232 3869 1252 3943 o‘
1275 3875 1337 3961 μὲν
1356 3868 1438 3964 οἷνήρ

196 3977 348 4068 φαίνεται
382 3970 554 4060 διπλάσιος
584 3979 701 4050 ἑαυτοῦ
721 3978 804 4051 κατα
837 3979 876 4052 τὸ
903 3986 1057 4074 μέγεθος,
1078 3977 1099 4074 ἦ
1121 3986 1152 4051 d'
1172 3979 1255 4078 ὄψις
1273 3977 1358 4075 καλὴ
1379 3983 1436 4051 καὶ

198 4079 438 4175 καταπληκτικὴ
457 4092 527 4166 τοῖς
548 4087 710 4168 ἐναντίοις.

269 4221 383 4289 Cossis
401 4227 513 4294 deinde
534 4233 618 4316 apud
638 4236 818 4319 Vergilium
839 4257 901 4301 non
918 4237 1045 4321 legitur,
1064 4255 1190 4320 semper
1206 4246 1330 4302 tanturn
1346 4257 1433 4303 cas-

197 4330 282 4398 sida
301 4335 362 4413 ΧΙ,
381 4336 467 4415 775.,
489 4339 542 4402 ubi
564 4341 700 4405 Chloreo

277 4427 409 4504 Aureus
429 4461 473 4504 ea
492 4463 599 4508 omero
620 4456 714 4510 aona!
733 4471 844 4533 arcus,
865 4459 897 4514 et
918 4471 1043 4515 aureo
1063 4456 1130 4514 ooli

279 4548 424 4614 Casside.
1136 4565 1139 4573 '

196 4655 240 4718 ita
262 4665 297 4719 ut
318 4656 400 4720 hano
422 4655 585 4743 quoque'n
606 4665 731 4729 metallo
754 4666 939 4732 fabricatam
959 4670 1134 4735 audiamus.
1177 4671 1293 4735 Restat
1312 4671 1434 4754 gale·

95 4813 112 4834 ,,
197 4783 275 4828 rus.
328 4765 434 4848 Quum
464 4766 640 4832 Suetonius
669 4779 768 4848 (teate
795 4774 888 4842 Serv.
919 4778 1001 4845 Dara
1029 4778 1070 4843 ad
1092 4781 1174 4846 Aen.
1194 4782 1240 4855 ll,
1267 4778 1338 4845 683
1380 4779 1432 4845 (ii.
