3000 5184
154 253 158 260 ’
237 262 297 325 182
486 261 544 324 De
565 260 689 340 farre,
718 259 821 322 mola
843 259 980 340 salsa,
1001 263 1111 336 taro‘,
1133 254 1244 318 libis.

284 445 299 505 l
334 443 409 506 15:

233 444 282 508 Vl
302 443 387 616 'Hbc
406 553 509 612 sooria
527 551 620 612 aedae
640 549 762 627 mour,
784 549 836 610 bio
858 551 958 610 ariete
978 567 1071 610 oaaao
1112 556 1116 571 ¹

316 663 486 741 Perpetuis
505 661 593 722 aoia’tr'
607 668 718 739 patrae
738 663 904 724 considere
923 664 1052 726 mensis.

790 837 824 927 §-
847 843 899 920 64·

479 975 539 1029 ne
556 930 689 1039 farre,
712 975 825 1030 nola
842 975 1100 1042 salaminae,
1120 973 1227 1030 ΙΙΙιΙι.

317 1118 411 1198 Quae
432 1117 527 1180 modo
548 1119 727 1179 nominatae
746 1125 822 1178 sunt
842 1117 968 1202 fruges,
989 1095 1102 1198 partim
1128 1117 1234 1198 solae,
1266 1103 1383 1198 partim
1415 1134 1482 1180 oum

232 1227 302 1291 aliis
323 1227 490 1289 sacrifieiis
509 1217 914 1288 ooniunotaoadhiberitur.
947 1227 1070 1287 Notatu
1085 1225 1216 1308 dignum
1238 1220 1394 1302 estpiun'a
1410 1229 1476 1305 far,

224 1340 295 1418 'quo
314 1318 445 1395 ludibria
474 1334 576 1396 noetis
614 1331 801 1414 somniaque
839 1331 979 1394 infausta
1017 1333 1151 1394 lustrare
1185 1333 1338 1396 solebant.
1398 1335 1476 1397 Rem

231 1441 372 1506 declarat
393 1441 535 1503 Tibullus
564 1441 626 1514 ill,
664 1440 742 1504 419:

310 1554 354 1616 lu
373 1560 480 1614 natum
501 1553 531 1613 in
562 1569 657 1615 ouras
677 1551 838 1612 hominum
870 1558 974 1633 genus
996 1551 1101 1612 omina
1122 1551 1226 1614 nootls

397 1652 498 1724 serre
516 1661 568 1743 pio
589 1661 716 1742 pineam
735 1671 769 1722 er
789 1659 923 1722 saliente
943 1660 1020 1721 sale.
1055 1698 1057 1708 ι

230 1769 363 1834 Plautus
387 1769 541 1850 Amphitr.
558 1770 604 1848 ll,
626 1765 656 1838 2,
684 1768 777 1830 1062-

312 1877 416 1940 lloote
439 1876 524 1957 dioit,
547 1887 580 1940 ut
600 1876 824 1956 commeminit,
846 1875 1005 1936 somnium
1028 1877 1218 1940 narrattibi.

314 1983 382 2047 Sed
404 1984 522 2065 mulier,
546 1993 713 2064 postquam
737 1991 926 2064 experrecta
949 1990 1009 2058 est,
1030 1973 1199 2065 prodigiali
1220 1986 1290 2048 lovi

314 2093 380 2154 Aut
402 2093 483 2154 mola
505 2093 591 2152 salsa
614 2096 670 2151 aut
691 2099 760 2150 ture
785 2098 1019 2169 oompreoatam
1041 2092 1186 2172 oportuit.

232 2200 377 2282 Apparet
397 2201 504 2284 itaque
526 2201 609 2260 farre
634 2202 684 2279 pio
708 2214 779 2260 oum
814 2199 904 2277 sale,
937 2197 967 2258 id
995 2206 1045 2260 est
1075 2199 1158 2261 mola
1188 2183 1299 2280 salsa,
1335 2169 1477 2262 vellum

231 2307 307 2399 talia
337 2307 470 2369 lustrata
508 2324 584 2367 asse
615 2316 770 2388 portenta.
824 2305 1026 2390 Quapropter
1065 2308 1218 2387 Aeneas,
1251 2315 1425 2388 postquam
1450 2311 1475 2369 iu

229 2408 362 2480 somniis
375 2411 535 2476 Anchises
557 2415 617 2495 ipsi
632 2417 777 2495 apparuit
800 2414 978 2494 multasque
995 2415 1191 2501 calamitates
1207 2414 1330 2495 indixit,
1346 2417 1393 2498 V,
1408 2417 1472 2478 741:

304 2513 584 2602 ¹Perpo'r'neumqrm
604 2522 723 2584 Larem
744 2530 776 2616 et
797 2542 897 2583 octone
917 2525 1096 2600 penetralia
1126 2523 1243 2584 Vestae

230 2637 244 2645 ”
313 2629 419 2692 Ferre
435 2636 490 2711 pio
510 2631 543 2692 'et
559 2631 657 2709 pleno
678 2635 818 2710 supplem
840 2643 1013 2696 verteretur
1035 2619 1159 2696 acerra.

232 2741 383 2829 Ceterum
405 2745 540 2810 batibus
563 2749 689 2811 omnino
723 2759 792 2844 ture
815 2751 912 2816 fiebat
933 2760 966 2814 et
995 2751 1104 2836 fruge,
1135 2759 1220 2814 teste
1242 2749 1356 2814 Horat.
1389 2733 1485 2816 earm

230 2851 288 2935 lll,
311 2852 373 2936 23,
395 2853 432 2916 3:
476 2863 480 2871 '
742 2858 746 2866 ²
789 2847 801 2868 ³
1100 2852 1104 2867 ’

231 2973 236 2981 ·
542 2963 578 3040 Si
600 2971 671 3024 turo
691 2963 827 3044 placaris
849 2971 882 3026 et
904 2965 1004 3030 borna

450 3084 457 3101 '
545 3072 655 3168 Fruge
675 3074 778 3134 liores
805 3071 963 3154 avidaque
986 3091 1093 3156 porea.
1204 3069 1207 3076 ’

232 3174 308 3238 ihil.
334 3177 389 3240 ¹92
686 3175 690 3183 “

410 3295 416 3304 ’
462 3297 466 3303 ’
540 3284 682 3375 ⁴blollivit
704 3303 842 3347 aversos
867 3287 1006 3349 Penates

542 3394 670 3456 barre
709 3396 773 3474 pio
801 3404 833 3458 et
855 3397 989 3457 saliente
1012 3383 1118 3459 miea‘

233 3503 355 3567 Eadem
376 3501 417 3566 de
439 3509 538 3566 oaus'a
559 3485 731 3565 Penatibus
754 3487 834 3564 uisis
857 3502 983 3567 Aeneas
1007 3505 1063 3589 lll,
1088 3503 1162 3569 177:

572 3619 597 3630 ’“
663 3612 711 3672 Et
730 3631 864 3673 munera
884 3613 945 3673 libo

316 3714 509 3773 Intemerrrta
526 3714 623 3792 forie.
988 3707 992 3715 ’

234 3819 308 3885 Ilua
337 3837 480 3900 quoque,
513 3819 573 3879 nisi
600 3818 721 3901 fallor,
740 3795 876 3899 pertinet
904 3821 972 3882 sol.
1001 3812 1096 3903 Vlll,
1129 3819 1186 3888 δῖε
1210 3821 1339 3903 Sporpe
1361 3829 1482 3898 anoton„

235 3932 385 3997 Ceterum
406 3936 489 3998 mola
510 3936 598 3996 salsa
619 3933 732 3996 eadem
755 3943 821 4009 est,
855 3951 937 4014 quae
959 3924 1004 4010 li,
1042 3915 1465 4014 133.etxt'1,173.sauu

231 4045 346 4121 stupea
367 4046 573 4125 appellantur.
617 4043 717 4104 Plinio
739 4051 823 4105 teste
845 4043 887 4104 N.
910 4045 951 4106 H.
975 4041 1100 4124 XVlll,
1122 4045 1161 4106 2:
1192 4039 1326 4126 „Numa
1348 4043 1464 4106 instituit

234 4150 314 4210 deos
338 4151 430 4234 fruge
449 4153 608 4214 colere-el
630 4155 710 4212 mola
733 4151 820 4213 salsa
842 4137 1060 4232 supplicar'e.“
1094 4153 1173 4213 'l'us
1197 4149 1282 4232 apud
1310 4153 1463 4212 Homerum

235 4267 538 4340 constatuusquam
561 4260 713 4339 inueniri3
738 4247 850 4339 βωμός
881 4261 962 4322 enim
984 4246 1101 4344 θυήεις
1128 4262 1220 4345 plane
1243 4260 1322 4322 alios
1343 4265 1463 4339 vaporet

205 4369 360 4431 ·indioat.
403 4367 538 4447 Quando
559 4373 591 4431 iu
613 4371 798 4452 religionem
810 4371 988 4432 Romanam
1011 4369 1107 4430 fuerit
1128 4368 1304 4445 invectum,
1325 4389 1388 4430 nou
1411 4382 1462 4426 ou·

179 4479 183 4486 '
232 4481 308 4539 nino
330 4484 466 4541 oonstat.
507 4477 626 4554 Arnpb.
649 4475 937 4555 vl1,26:·‚,Nam
958 4493 1063 4555 neque
1081 4475 1291 4555 temporibus,
1326 4465 1461 4554 quemad·

233 4585 361 4647 modum
383 4583 521 4646 ereditur
542 4593 575 4644 et
595 4583 786 4664 perhibetur,
807 4583 952 4667 heroicis,
987 4574 1135 4664 quidnam
1156 4573 1245 4645 esset
1269 4590 1332 4652 tus,
1367 4585 1461 4644 scituu

233 4701 302 4781 est,
334 4688 543 4770 scriptoribus
574 4696 608 4750 ut
629 4690 852 4769 comprobatur
875 4709 894 4751 a
914 4690 1050 4772 prisois,
1083 4708 1217 4773 quorum
1238 4689 1379 4752 inlibris
1400 4683 1460 4750 nult

233 4800 338 4880 posita
360 4798 430 4858 eius
453 4795 570 4869 mentio
591 4800 778 4876 repperitur,
800 4818 902 4880 neque
922 4800 1063 4883 genitrix
1085 4808 1117 4880 et
1139 4792 1479 4899 matersuperstitionbp
