3000 5184
333 202 390 264 De
411 197 548 262 vorbis
568 161 823 260 militaribus.
1155 189 1199 256 93

0 418 1 429 ι
37 407 110 450 meu
130 383 205 466 equi
225 382 321 446 etiam
343 383 404 446 hoc
425 367 544 445 decora
564 379 765 444 proeliantur.
813 375 892 439 ludo
921 373 982 454 iili,
1011 373 1064 455 qui
1091 379 1200 435 victor

8 513 125 558 cursus
147 494 323 556 certamiua
345 491 385 552 sit
407 505 578 578 evasurus,
601 488 732 549 Aeneas
755 485 800 555 V.
821 483 894 547 cto.
918 481 1088 563 promittit:

42 635 175 694 Primae
196 652 286 692 eoum
304 631 506 708 phaleris
527 631 684 702 iosipoom
705 627 805 684 vietor
825 595 947 680 boleto.

12 768 73 846 XI,
96 767 147 828 89.
179 771 368 826 memoratur
396 760 526 821 bellator
554 778 649 838 eoos,
674 758 790 834 positia
818 752 1067 846 ioaipoiloe.
1099 745 1200 834 *Rem

19 881 102 934 strat
135 873 208 933 biv.
241 870 445 944 xxixas:
482 863 626 926 ol'raeda
656 863 771 943 iugens
787 869 889 940 parta
917 867 981 925 est,
1018 867 1049 918 et
1075 864 1200 935 praeter

21 1001 72 1058 os,
101 983 203 1060 viros,
231 988 264 1041 et
285 981 312 1038 si
336 976 408 1058 quid
429 974 561 1057 argenti,
595 970 678 1053 quod
702 970 866 1051 plurimum
888 969 919 1028 iu
941 964 1079 1046 phaleris
1100 980 1201 1060 eqpo-
1223 990 1226 1002 ·

12 1120 16 1147 ι
48 1100 127 1154 erat.
150 1133 158 1148 .
181 1131 191 1152 .
214 1109 242 1154 ,o
285 1085 411 1168 xmv,
443 1083 496 1146 14:
528 1078 683 1142 ”Gratiae
704 1079 743 1138 ab
765 1083 876 1136 senatu
897 1082 991 1135 actae
1013 1087 1204 1150 muneraque

0 1217 60 1259 ι,ειι
81 1195 204 1277 torquis
225 1212 342 1256 aureus
364 1191 427 1253 duo
448 1188 553 1273 pondo
576 1196 607 1248 et
627 1196 758 1269 paterae
779 1201 896 1246 aureae
918 1189 1067 1262 quattuor
1088 1178 1204 1262 pondo,

10 1325 89 1367 uus
123 1303 360 1387 phaleratus
397 1317 548 1380 armaque
586 1295 775 1378 equestrium
839 1292 971 1354 Sueton.
1008 1287 1110 1369 Calig.
1151 1287 1204 1348 tt:

6 1415 87 1474 rimo
115 1389 169 1473 die
197 1411 409 1493 phalerato
441 1425 563 1487 equo,
592 1403 792 1484 insignisque
821 1417 959 1481 queroea
986 1414 1131 1456 eoronam
1176 1396 1203 1456 Ε

11 1525 172 1582 numentis
194 1517 269 1579 vide
291 1514 426 1598 lapidem
448 1517 635 1600 Mogontiae
662 1511 867 1577 adservatum
889 1504 975 1587 apud
997 1502 1098 1568 Lohn.
1125 1503 1204 1565 Tali.

10 1650 56 1694 nr.
77 1630 129 1691 26.
151 1615 207 1690 28.

532 1867 636 1954 §.ta
731 1883 733 1886 ’

342 2031 401 2084 lte
418 2029 556 2084 uer-bis
574 2029 841 2084 multatibus.

42 2204 181 2264 Exstant
201 2199 285 2282 apud
307 2217 561 2280 unumquemque
592 2200 741 2278 populum
773 2199 857 2262 diota
887 2197 1043 2280 quaedam
1072 2193 1204 2265 bellica.

2 2331 43 2372 ae
55 2311 146 2371 ritum
169 2306 293 2388 quidem
317 2329 377 2369 non
402 2326 529 2386 semper
550 2306 695 2387 probant,
713 2308 935 2389 insigniavero
956 2314 1029 2366 suxit
1050 2311 1144 2383 atque
1166 2299 1207 2362 ad

1 2417 148 2482 rtaudum
180 2421 381 2502 animumque
408 2416 666 2480 inflammandum
694 2415 868 2480 commoda.
915 2413 1010 2496 Apud
1042 2411 1206 2476 Romanos

1 2537 90 2590 esto
120 2536 172 2590 est
199 2547 313 2612 magua
342 2545 421 2589 sane
442 2526 550 2588 talium
571 2525 798 2587 vocabulorum
821 2532 917 2604 atque
937 2521 1203 2582 hortamentorum

0 2641 65 2716 pia,
80 2655 162 2715 quae
184 2655 202 2697 a
226 2637 332 2714 primis
353 2635 427 2697 belli
447 2633 585 2695 motibus
608 2634 649 2696 ad
671 2643 846 2695 extremam
868 2651 970 2710 usque
991 2647 1130 2710 pugnam
1150 2644 1208 2685 so·
1317 2699 1320 2703 ἵ

0 2749 136 2803 erant.
180 2742 314 2804 Servius
334 2739 372 2803 ad
404 2741 485 2802 Aen.
515 2742 553 2813 ll,
581 2740 644 2801 148.
669 2739 708 2800 de
730 2741 773 2818 X,
795 2739 874 2802 228:
928 2737 1208 2813 Viptloaacdeam
1298 2772 1299 2775 =
1344 2754 1346 2759 ·
1379 2789 1384 2802 ,

0 2882 1 2885 =
27 2851 62 2908 :il
86 2847 177 2912 dixit:
210 2849 339 2910 „Verba
361 2857 446 2932 runt,
476 2850 590 2928 quibus
612 2849 753 2930 pontifex
776 2850 932 2908 maximus
953 2847 1049 2907 utitur
1072 2847 1104 2904 in
1127 2842 1203 2923 pul-

5 2956 153 3018 roribus«
199 2954 292 3032 Quod
313 2955 439 3036 quidem
462 2956 490 3016 si
512 2975 571 3017 non
595 2965 662 3030 est,
684 2971 748 3017 ”our
778 2955 974 3033 reficiamus,
1007 2960 1114 3012 tameo
1144 2968 1207 3010 uon

3 3064 58 3124 be
86 3063 247 3141 videmus,
280 3062 353 3142 quid
389 3062 566 3142 pulvinaria
588 3081 628 3123 ao
658 3064 799 3144 pontifex
831 3066 990 3123 maximus
1018 3059 1137 3120 laciant
1168 3053 1208 3117 ad

0 3193 96 3236 neae
117 3157 169 3235 illd
188 3173 258 3234 loco
281 3171 430 3236 habitum.
445 3195 446 3198 ¹
464 3172 531 3235 Res
552 3177 635 3234 enim
658 3174 702 3234 ita
723 3171 883 3234 sehabet.
915 3169 1101 3252 Nymphae,
1124 3185 1208 3248 quae

3 3281 141 3344 navibus
162 3280 289 3342 mutatis
325 3277 521 3360 prodierant,
555 3300 663 3362 regem
701 3280 845 3340 Aeneam
876 3285 1055 3360 agnoscunt
1082 3282 1114 3335 et
1143 3275 1208 3335 oir-

2 3391 123 3454 mdant.
166 3388 358 3450 Beatissimo
381 3406 487 3450 earum
511 3387 697 3467 Cymodooa
719 3391 821 3469 ipsum
844 3384 1110 3468 alloquiturttS:

365 3521 540 3599 Vipr'loeno,
563 3526 654 3584 doum
674 3523 782 3599 peno?
853 3527 856 3531 ’

44 3631 167 3713 Aenea,
189 3633 296 3713 cipite,
319 3640 350 3694 et
370 3633 448 3693 celia
470 3636 591 3692 inmitte
612 3633 766 3696 radentia.

7 3787 70 3848 que
98 3765 161 3825 hoc
192 3782 318 3846 quoque
340 3765 411 3826 loco
439 3765 575 3826 Servius
610 3771 731 3824 monet:
768 3763 899 3824 oVerba
926 3772 1002 3824 suut
1029 3778 1209 3851 sacrorum'3

4 3893 34 3934 m
65 3871 206 3952 virgines
237 3872 364 3934 Vestae
393 3881 479 3934 certa
502 3872 551 3933 die
575 3873 658 3933 ibant
681 3872 721 3934 ad
743 3892 853 3954 ragom
875 3890 1038 3933 sacrorum
1062 3879 1095 3932 et
1117 3869 1207 3933 dio'e·

4 3995 54 4046 nt:
81 3983 299 4065 vigilasne
322 3977 407 4046 rex!
438 3983 601 4063 vigilat
660 3982 768 4062 Magis
801 4001 879 4042 vero
909 3980 984 4040 mihi
1015 3981 1140 4065 placet,
1177 3991 1212 4044 ut

18 4113 46 4154 m
71 4090 261 4172 adoptamus
285 4101 381 4174 atque
403 4093 553 4152 insertum
576 4107 651 4149 esse
674 4109 791 4150 morem
813 4097 975 4168 putemus,
1006 4107 1100 4168 quem
1124 4089 1206 4150 idem

0 4201 102 4267 evius
125 4200 226 4278 Vlll,
248 4199 278 4264 3.
301 4201 524 4264 communicat:
551 4199 603 4258 uls
625 4199 680 4277 qui
701 4198 776 4258 belli
795 4205 984 4274 susceperat
1005 4214 1131 4270 curam,
1153 4215 1211 4258 sa·

4 4309 97 4368 ιίιιιιι
128 4304 243 4368 Martis
269 4310 437 4388 ingressus
459 4309 559 4387 primo
582 4303 694 4364 ancilia
715 4302 954 4374 commovebat,
993 4312 1065 4382 post
1084 4303 1210 4363 hastam

11 4413 126 4476 ulacri
139 4413 255 4495 ipsius,
275 4414 404 4476 dicens:
433 4415 544 4476 Mars
565 4412 727 4493 vigilam
772 4409 835 4472 Vel
857 4411 885 4470 si
907 4409 1086 4472 Vestalium
1108 4407 1210 4469 verba

7 4519 80 4603 pido
103 4525 335 4585 consentientia
356 4542 425 4586 oum
450 4519 655 4602 Cymodocea
684 4515 903 4580 adhortatione
934 4517 1135 4594 arbitremur,
1166 4533 1209 4575 ex

17 4649 102 4713 aqna
124 4627 337 4710 appellatione
354 4625 462 4688 subtili
482 4625 622 4688 doctriua
643 4624 775 4704 Vergilii
790 4621 1109 4685 versnmsconflatum
1132 4634 1209 4682 esso

1 4748 132 4802 memor.
155 4737 270 4820 Pugna
285 4736 453 4818 ingruente
475 4732 523 4795 ad
545 4751 654 4796 arma
676 4732 942 4795 conclamabatur.
964 4729 1017 4790 Ex
1036 4727 1210 4794 innumeris
