3000 5184
218 231 259 294 52
705 234 764 295 Ile
784 233 958 317 logione.

302 413 364 490 Oai
384 417 633 497 Onerete'elomo,
655 423 711 498 qni
730 424 810 478 erant
826 417 983 479 Minionis
1002 423 1036 478 in
1057 423 1154 495 arcte,

299 525 346 584 Et
363 525 467 602 Pyrpi
489 531 609 586 cemes
628 530 894 607 intempestaeque
913 526 1100 589 Grace'ecae.

181 693 188 706 ,
217 632 338 692 llorum
360 631 440 692 enim
463 628 538 712 dux,
560 649 654 713 quum
675 631 756 694 alitis
776 650 869 694 nemo
890 636 1074 708 nominetur,
1106 650 1186 715 opus
1207 641 1270 714 est,
1298 643 1335 696 ut
1357 636 1465 697 Astur

215 741 274 822 sit,
306 741 355 802 cui
377 747 554 804 tercentum
574 741 688 803 milites
709 741 824 824 oppida
846 741 968 823 Caere,
997 743 1142 826 Pyrgos,
1171 739 1355 806 Graviscae
1378 742 1465 805 adii-

216 849 309 911 ciunt.
352 849 503 910 Asturam
528 849 609 910 enim
633 849 716 911 mille
736 850 878 933 integros
899 866 1009 912 secum
1030 848 1167 932 habere,
1197 851 1389 912 coniectura
1412 859 1466 910 est

216 955 301 1016 nulla
320 975 355 1016 re
376 953 510 1017 firmata.
551 955 698 1018 Vocatur
719 975 798 1018 vero
822 955 897 1018 1812

298 1065 402 1123 Astur
423 1081 519 1142 epac
536 1064 680 1144 fidens
701 1069 733 1149 et
753 1065 993 1126 versicoloribus
1013 1067 1121 1128 armie.

216 1168 300 1230 unde
321 1170 392 1231 luce
414 1168 545 1250 clarius,
574 1168 635 1231 hos
656 1186 732 1231 esse
753 1178 927 1244 tercentum
949 1171 1022 1234 illos
1042 1170 1186 1253 equites,
1208 1171 1262 1252 qui
1282 1173 1463 1254 unicuique

216 1275 331 1357 legioni
353 1276 587 1339 adiiciebautur.
611 1277 708 1340 Iidem
730 1297 810 1340 vero
829 1297 850 1340 a
870 1288 967 1359 poeta
984 1281 1049 1343 iam
1069 1279 1213 1351 lxmae.
1233 1281 1278 1344 ita
1298 1289 1378 1344 suut
1398 1279 1461 1342 de·

125 1429 129 1436 ·
219 1391 338 1475 scripti,
361 1407 442 1473 qnos
462 1409 555 1452 nemo
577 1390 679 1473 possit
699 1409 762 1452 non
782 1406 980 1473 agnoscere:

304 1502 432 1562 Interea
448 1501 621 1576 praemiosa*
636 1500 798 1576 epue'tee
817 1515 862 1556 erc
881 1496 960 1557 arbe
979 1495 1107 1567 hana,

300 1609 449 1670 Uetera
468 1608 543 1666 dam
565 1605 671 1681 lepte
693 1607 812 1680 campie
832 1606 991 1662 instructa
1009 1606 1163 1681 moratur,

302 1718 397 1778 Ibant
417 1721 448 1774 et
477 1714 582 1774 Tltrno
603 1714 689 1789 repis
709 1730 865 1789 responsa
881 1713 1036 1792 serebant,

309 1826 549 1885 Tercentum
568 1824 689 1882 scutati
706 1839 814 1880 omnes
840 1820 1009 1880 Valecente
1026 1823 1188 1897 mapistm.

216 1937 274 1998 ubi
295 1945 435 1996 cetera
458 1935 495 1995 le
502 1933 569 2016 gio
591 1930 630 1994 ab
652 1929 811 2012 equitibus
830 1916 984 1992 trecentis
1002 1927 1196 2010 disiungitur.
1243 1928 1391 1992 Eandem
1421 1929 1461 1990 ob

221 2067 348 2111 eausam
373 2045 457 2126 apud
476 2061 586 2126 regem
608 2042 755 2106 Latinum
777 2040 849 2121 equi
871 2039 965 2122 vni,
985 2039 1064 2101 275:

240 2211 243 2216 .
307 2157 443 2219 Stabant
462 2147 689 2216 tercentum
710 2154 804 2212 nitidi
821 2154 856 2210 r'n
874 2149 1081 2229 praesepibus
1101 2147 1186 2209 altis.
1250 2225 1255 2247 1
1301 2151 1306 2161 ’

221 2289 322 2351 Vides
344 2290 426 2350 enim
447 2297 494 2350 tot
514 2306 613 2370 equos
643 2287 712 2368 regi
739 2287 909 2347 instructos
940 2304 1035 2367 esse,
1072 2292 1106 2347 ut
1136 2256 1294 2366 integrum
1321 2284 1462 2366 legionis

224 2398 393 2480 equitatum
414 2397 515 2478 possit
536 2396 703 2477 complere.
753 2393 882 2456 Aeneas
902 2393 972 2475 ipse
991 2393 1110 2456 auxilia
1133 2391 1461 2475 quadringento-

221 2522 299 2565 rum
321 2503 437 2583 accipit
457 2502 550 2580 VIII,
571 2499 652 2562 518:

308 2611 459 2673 Arcadas
479 2611 555 2672 baie
574 2614 694 2690 equites
715 2611 775 2670 bis
796 2615 953 2671 centnm
962 2652 975 2684 ,
998 2607 1109 2668 robora
1127 2607 1221 2684 paon

308 2721 417 2801 Lecta,
438 2721 526 2802 dabo,
550 2719 793 2797 totidemque
811 2735 870 2776 eno
890 2717 948 2775 tibi
967 2718 1094 2775 nemine
1114 2713 1237 2776 Pallae.

223 2828 364 2907 Quorum
383 2842 578 2888 numerorum
601 2824 681 2886 ratio
703 2820 886 2905 quaerenda
907 2829 966 2885 est.

271 3023 280 3034 ,
305 2961 477 3021 Tctcamur
498 2956 622 3039 quidem
644 2963 778 3038 oportet,
798 2954 881 3034 apud
895 2955 1071 3016 Varronem
1086 2950 1322 3017 hos'treeentcs
1337 2956 1460 3038 equites

223 3072 254 3132 in
275 3066 494 3146 antiquissima
514 3063 639 3144 legione
656 3078 718 3122 non
733 3060 884 3121 nominari
904 3061 942 3121 lr.
958 3060 996 3124 11.
1013 3059 1054 3122 V.
1070 3065 1097 3134 §.
1111 3059 1170 3120 89:
1186 3060 1350 3136 „Milites
1375 3059 1460 3144 quod

224 3179 315 3241 trium
337 3171 452 3237 milium
474 3170 556 3252 legio
576 3167 687 3254 Ιὶσίιιιῑ,1
713 3185 751 3229 ao
771 3167 916 3250 singulae
936 3168 1035 3229 tribus
1055 3152 1251 3250 Titiensium,
1277 3167 1459 3254 Rammium,

225 3283 385 3345 Lucerum
412 3282 495 3344 milia
523 3278 648 3362 singula
675 3279 806 3340 militum
838 3273 1038 3341 mittebant.“
1093 3281 1246 3341 Attamen
1281 3281 1353 3361 ipse
1391 3283 1459 3345 illos

226 3393 373 3455 omisisse
396 3389 570 3453 credendus
592 3400 658 3472 est,
688 3389 834 3470 quoniam
862 3389 968 3450 militis
990 3387 1138 3450 vocabuli
1159 3389 1309 3472 originem
1333 3412 1352 3452 e
1374 3391 1458 3453 mili-

222 3502 282 3564 bus
302 3500 515 3583 explicaturus
531 3507 607 3562 erat.
633 3498 757 3562 Deinde
772 3507 800 3574 §-
816 3497 867 3560 ol.
884 3497 1060 3578 expleatur
1081 3504 1213 3578 „turma
1233 3498 1346 3559 teriora
1368 3501 1414 3570 (Ε
1429 3500 1458 3560 in

223 3607 256 3670 V
278 3608 369 3680 abiit]
390 3606 474 3689 quod
495 3615 544 3670 ter
565 3607 636 3669 deni
656 3609 780 3689 equites
801 3627 843 3670 ex
860 3605 960 3670 tribus
979 3605 1121 3668 tribubus
1135 3607 1333 3688 Titiensium,
1354 3606 1458 3690 Ram-

222 3717 494 3794 nium‚,lrucorum
517 3715 663 3778 fiebant.“
712 3714 805 3796 Apud
829 3733 938 3777 omnes
959 3715 1037 3777 alios
1058 3715 1229 3796 scriptores
1248 3715 1280 3778 in
1301 3717 1458 3800 antiquis-

223 3826 333 3888 simam
354 3830 493 3886 aetatem
513 3842 659 3886 numerus
680 3824 734 3885 ille
761 3832 974 3886 trecentorum
1001 3831 1137 3888 constat.
1187 3824 1345 3903 Quamvis
1366 3831 1457 3896 ,enim

224 3932 413 3996 Plutarchus
430 3930 522 4022 llam.
542 3931 594 3992 20.
616 3940 738 4012 narret,
773 3931 851 3993 urbe
876 3952 932 4015 per
960 3931 1098 3996 Sabinos
1127 3931 1286 4013 duplicata
1313 3933 1457 4017 legiones

149 4043 151 4051 ⁴
225 4042 324 4104 fuisse
353 4060 414 4104 sex
443 4042 558 4104 milium
586 4040 744 4123 peditum,
777 4049 999 4105 sexcentorum
1026 4041 1184 4122 equitum,
1224 4039 1319 4102 vides
1352 4049 1456 4104 tamen
1487 4102 1488 4107 ,

223 4148 316 4210 huius
344 4153 564 4212 anctoritatem
596 4148 636 4212 dc
667 4149 859 4231 temporibus
889 4151 1039 4233 mythicis
1074 4153 1231 4212 narrantis
1259 4150 1351 4230 parvi
1383 4168 1455 4212 esse

223 4255 470 4331 aestimandam,
491 4266 523 4320 et
542 4276 674 4331 revera,
700 4259 728 4320 si
748 4257 800 4320 ille
822 4256 939 4341 duplex
960 4263 1003 4321 sit
1022 4277 1188 4341 uumerus,
1221 4258 1397 4338 simplicem
1416 4256 1454 4321 ad

223 4367 282 4427 tria
303 4364 386 4426 milia
406 4363 553 4444 peditum,
579 4366 700 4447 equites
721 4357 884 4428 trecentos
901 4371 1029 4429 reverti.
1063 4366 1209 4430 Peditum
1229 4364 1322 4428 modo
1343 4378 1454 4431 auctos

223 4486 274 4540 cst
294 4473 452 4541 numerus.
496 4475 670 4556 Dionysius
698 4474 737 4536 A.
759 4473 799 4537 lt
820 4475 886 4554 Vl,
915 4474 965 4538 42.
986 4475 1027 4537 de
1046 4475 1177 4538 Valerio
1198 4461 1361 4555 Poplicola
1380 4496 1452 4540 nar·

222 4595 286 4649 rat:
314 4581 381 4648 Kal
409 4581 529 4668 γίνεται
556 4582 635 4648 δέκα
661 4575 876 4671 στρατιωτικὰ
902 4572 1067 4666 τάγματα,
1100 4577 1138 4661 ἐξ
1162 4572 1287 4668 ἀνδρῶν
1312 4602 1452 4668 τετρα-

222 4711 291 4756 κισ
298 4687 444 4772 χιλίων
468 4683 566 4772 ἔλαβε
596 4688 650 4753 καὶ
677 4689 740 4753 τῶν
776 4687 905 4754 ἱππέων
932 4682 1015 4753 'door
1043 4679 1168 4774 ἑκάστῳ
1195 4685 1450 4777 προσεμερίσθη·

220 4789 263 4862 τοὶ
285 4794 483 4885 diederada
511 4794 565 4860 καὶ
588 4787 664 4871 τούς
691 4787 827 4872 barnado
849 4790 965 4872 ἱππεῖς
989 4787 1009 4860 d
1029 4786 1199 4884 δικτάτωρ.
1240 4799 1374 4882 Equites
1394 4817 1450 4861 non
