3000 5184
534 242 591 303 llo
612 239 806 317 classico.
1061 330 1066 338 Ι
1254 241 1297 304 lb

54 421 105 484 ubi
129 420 271 486 Servius
292 425 389 488 mole:
410 425 526 490 -olieue
549 424 654 506 posuit
674 411 915 506 amphiboliam,
935 441 1008 486 nam
1022 423 1196 488 chroteom
1210 423 1296 509 dioi-

52 549 124 593 mus
146 541 181 594 et
202 530 311 593 tubam
331 532 434 613 ipsam
454 540 487 594 et
505 551 627 596 sonum.
663 533 842 596 Classicum
863 541 971 601 eutero
991 542 1043 598 est
1061 537 1175 600 lleidlis
1189 536 1296 600 rubeo

52 640 177 702 Melius
198 642 363 728 vegetius
386 645 427 725 ll,
447 643 506 710 ἧι
535 642 732 707 oclessicum
761 645 836 706 item
858 642 1025 725 apellatur,
1056 643 1139 726 quod
1161 645 1297 708 bucina·

51 757 143 810 tores
163 769 224 830 per
245 767 343 812 cornu
364 751 481 815 dicunt.
529 753 603 814 Hoc
620 752 749 834 insigne
770 751 895 814 videtur
917 752 1055 836 imperii,
1084 755 1159 834 quia
1179 749 1297 815 classi·

51 875 128 918 cum
150 859 237 920 cenit
256 858 447 939 imperatore
474 867 660 942 praesente,
690 859 745 922 vel
776 877 872 941 quum
899 860 934 920 in
965 858 1095 921 militem
1121 859 1298 940 capitaliter

51 964 335 1042 animadvertitur,
367 967 440 1047 quia
464 965 526 1030 lroo
553 985 595 1030 ex
614 967 828 1048 imperialibus
847 967 973 1049 legibus
993 967 1060 1030 lieri
1081 961 1219 1032 neeesse
1237 975 1298 1032 ost

53 1075 139 1136 Sive
158 1091 237 1155 ergo
260 1073 301 1136 ad
322 1074 450 1156 vigilias
470 1073 523 1136 vel
545 1075 695 1158 angarios
716 1075 892 1157 iaciendas,
913 1078 988 1138 sive
1003 1074 1044 1139 ad
1062 1094 1143 1158 opus
1159 1074 1298 1160 aliquod,

50 1186 107 1246 vel
138 1183 189 1247 ad
217 1158 503 1250 decursionem
532 1187 664 1266 campi
695 1194 814 1248 exeunt
835 1185 968 1264 milites,
997 1183 1139 1248 tubicine
1158 1193 1299 1249 vocante

51 1301 244 1376 operantur,
280 1301 313 1355 et
342 1311 454 1356 rursus
486 1295 624 1359 tubicine
652 1293 843 1358 admonente
871 1302 1011 1356 cessant.
1058 1290 1300 1372 Quumautem

52 1411 226 1465 moventur
253 1401 346 1485 signa
357 1449 368 1486 ,
395 1413 451 1466 aut
473 1409 537 1469 iam
565 1413 652 1468 rnota
677 1402 806 1487 figenda
832 1411 925 1484 suot,
956 1401 1305 1480 cornicinescouunta

52 1511 151 1575 Unde
174 1532 236 1578 uon
257 1520 436 1598 promiscue
458 1519 562 1581 omnia
580 1521 787 1581 instrumenta
808 1515 901 1578 modo
924 1515 1031 1597 tubas,
1051 1512 1146 1579 modo
1167 1531 1299 1595 coruus,

52 1621 152 1685 modo
176 1620 311 1688 bucinas
332 1628 507 1708 nominari,
536 1617 595 1691 se'd
613 1629 740 1712 singule
762 1627 790 1690 si
813 1624 1045 1706 coemeteria,
1067 1632 1109 1687 ot·
1122 1621 1225 1685 forme
1245 1620 1298 1686 di·

52 1731 179 1814 stingui
201 1741 297 1814 patet.
339 1732 417 1796 Inde
438 1735 606 1820 Vergilius
630 1738 708 1800 Aen.
731 1736 774 1815 il,
795 1733 874 1798 cta:

139 1840 303 1904 lteorrtor
325 1843 506 1924 clamorque
522 1848 625 1906 airum
646 1845 837 1924 olcomrqrre
856 1844 1013 1907 tubarum.

54 1974 134 2055 Vll,
156 1973 235 2037 6282

136 2082 303 2163 sonoque
319 2087 410 2162 serre
430 2087 525 2155 renat,
549 2089 735 2163 sortiturque
757 2086 870 2147 audire
890 2087 1050 2149 nolanam.

53 2193 152 2273 VIII,
173 2189 252 2253 526:

151 2301 398 2380 Tyrrhenusque
418 2304 510 2362 tubae
530 2307 654 2380 mugire
671 2325 731 2382 per
752 2307 883 2368 cellere
904 2308 1043 2384 elongor.

55 2407 111 2469 ubi
132 2407 289 2473 Servius:
326 2407 546 2490 o'l'yrrbenum
572 2412 754 2493 clangorem
785 2413 863 2476 dixit
884 2414 982 2477 tubae
1001 2412 1088 2489 ideo,
1119 2417 1194 2496 quia
1213 2413 1300 2496 apud

55 2516 187 2578 Tuscos
209 2515 316 2579 tubam
345 2523 473 2578 constat
496 2519 708 2578 iuventamn·
739 2518 833 2599 Quod
858 2520 1024 2583 confirmat
1052 2520 1173 2584 Plinius
1191 2521 1234 2586 N.
1256 2521 1298 2587 Il

53 2625 134 2708 Vll,
157 2623 214 2690 5⁷2
257 2627 429 2704 „Aeneam
442 2627 549 2691 tubam
565 2625 743 2706 [invenisse
758 2628 882 2709 dicunt]
896 2629 1048 2693 Pisaeum
1063 2627 1301 2710 Tyrrhenum.“

54 2737 116 2814 IX,
140 2733 222 2799 50³:

140 2843 188 2906 Ar
207 2845 283 2905 tuba
304 2844 472 2905 terribilem
495 2847 631 2906 sortitum
649 2846 769 2923 procul
787 2865 861 2908 uere
882 2864 1004 2909 cartoro

138 2951 319 3030 Increpat&
338 2955 482 3030 repetitor
503 2953 633 3035 clamor,
654 2952 836 3034 coelumque
855 2956 1001 3031 remouit.

58 3059 118 3131 Xi,
145 3059 220 3120 1922

139 3167 175 3226 It
200 3166 287 3226 coelo
308 3165 486 3246 clamorque
507 3169 610 3228 uirum
631 3168 823 3247 eleoporpue
845 3169 1001 3231 tubarum.
1066 3163 1072 3168 ’

56 3273 115 3356 Xl,
139 3273 217 3336 tet:
311 3271 317 3286 ‘

270 3381 337 3445 Gur
357 3388 432 3443 unte
452 3383 558 3442 tubam
579 3390 697 3446 tremor
719 3392 855 3463 occupat
873 3387 989 3446 crtus!

58 3487 181 3573 Georg.
203 3491 264 3572 tv,
285 3491 343 3554 71:

141 3599 287 3662 Martius
306 3601 363 3661 ille
381 3605 466 3662 cerie
486 3605 580 3663 rouel
598 3620 696 3663 certor
714 3605 871 3685 increpat,
892 3608 926 3664 et
944 3621 1010 3664 νοω

141 3706 284 3770 Auditur
302 3710 425 3788 fractos
445 3712 571 3772 conitus
591 3715 713 3772 imitato
733 3713 890 3775 talorum.

60 3815 184 3878 'l'ubam
206 3834 282 3878 aere
303 3817 479 3880 conlectam
500 3836 591 3895 esso,
620 3819 682 3882 iam
706 3840 748 3882 ex
764 3818 907 3903 Vergilio
930 3818 1002 3901 ipso
1024 3824 1128 3898 potet,
1149 3817 1300 3881 normam

60 3923 214 3988 describit
238 3924 399 4006 vegetius
420 3927 475 4000 111,
485 3925 522 3988 5:
539 3929 670 4010 ‚,'luba,
682 3946 766 4011 quae
779 3927 900 3991 directo
915 3935 975 4003 est,
998 3925 1212 4009 appellatur.“
1228 3925 1298 4000 (Oi.

62 4029 132 4097 Col.
155 4032 282 4094 'l'raium
303 4053 347 4094 nr.
368 4032 447 4107 Sil).
490 4032 573 4098 0vid
594 4038 725 4099 Motum.
745 4037 772 4117 1,
793 4037 852 4099 98:

140 4125 216 4203 No'n
239 4141 316 4205 tubo
338 4142 463 4226 directi,
484 4162 549 4207 non
570 4145 654 4206 aeris
676 4137 794 4207 cornu'a
814 4144 902 4227 flexi,

143 4250 221 4312 Non
241 4249 368 4332 galeae,
390 4253 561 4315 nonensis
583 4260 680 4316 eraut.

60 4359 175 4422 lirrant
196 4355 322 4422 Gellius
337 4360 379 4438 V,
402 4360 433 4426 8.
455 4369 488 4425 et
508 4361 693 4426 Macrobius
715 4361 777 4446 Vl,
798 4366 828 4428 ἃ
876 4365 1019 4430 lubicen
1042 4384 1169 4450 quoque
1186 4367 1301 4432 existi·

60 4464 194 4529 nmen·
216 4473 268 4528 est
288 4465 372 4548 apud
392 4466 572 4550 Vergilium
591 4469 739 4533 Misenus
758 4470 810 4534 ille
829 4472 983 4538 Aeolides
1001 4474 1063 4558 Vl,
1085 4476 1162 4540 tet:

512 4596 574 4657 qao
594 4595 659 4640 nort
676 4585 893 4656 praeclariter
915 4582 997 4646 alter

84 4685 97 4698 '
147 4682 235 4745 Aere
255 4685 340 4744 ciere
357 4686 454 4766 oiroe,
475 4682 677 4768 Martemque
699 4689 870 4750 comodere
890 4697 996 4753 cantos

64 4791 115 4854 ubi
136 4810 194 4854 aee
220 4807 283 4853 uon
309 4788 439 4872 dubito,
469 4789 543 4873 quin
574 4793 615 4856 de
640 4791 716 4860 tube
745 4795 863 4860 dictum
891 4798 954 4883 sit,
985 4799 1132 4883 quoniam
1159 4800 1302 4884 Vegetio
