3000 5184
606 248 660 308 De
686 248 800 310 sella.

73 479 75 484 -
165 436 320 497 Atiortitia
336 433 466 492 tottam
490 434 615 502 animia,
640 437 678 492 ui
697 436 807 510 rapiam
827 439 915 494 oalro

170 541 260 602 Valet
280 541 411 599 donce
428 537 506 598 levia
526 555 664 602 umeros.

80 649 227 734 Vergilio
249 665 327 710 vero
349 645 496 708 novimus
517 647 581 708 aiia
602 651 698 710 etiam
722 653 893 711 occasione
914 647 1039 728 publiea
1072 648 1179 710 oblata
1210 657 1322 728 poste-

80 764 165 820 riore
188 765 295 820 aetate
326 759 358 816 in
389 772 450 820 usu
485 755 586 816 inisse
616 755 773 837 trabeam,
808 760 841 817 in
872 759 939 818 lani
974 758 1093 836 templo
1133 754 1322 818 recludendo

78 864 156 943 Vll,
177 862 258 924 612:

162 973 240 1048 Ipse
263 969 426 1045 Quirinali
445 970 583 1029 troica
596 972 778 1048 *cinctuque
799 966 923 1030 Gabino

162 1080 309 1153 Inaipnia
330 1083 455 1136 resero!
473 1076 641 1136 stridentia
662 1075 772 1134 limina
795 1075 920 1134 consul.

82 1203 176 1265 quern
208 1177 317 1243 locum¹
350 1180 487 1262 explieat
518 1177 657 1241 Isidorus
681 1181 776 1253 xix,
795 1179 848 1259 24,
871 1179 908 1238 8:
955 1180 1100 1243 n'l'ralrea
1122 1191 1192 1245 erat
1218 1191 1318 1267 togae

79 1291 209 1371 speeies
231 1309 272 1350 ex
294 1307 432 1369 purpura
455 1297 488 1350 et
507 1306 616 1369 cocco,
647 1308 709 1369 quo
736 1292 838 1370 operti
865 1288 1081 1352 Romanorum
1105 1309 1201 1374 reges
1230 1293 1319 1355 initio

81 1395 305 1479 procedebant.
348 1397 454 1476 Hanc¹
469 1396 600 1476 primum
629 1396 787 1460 Romulus
819 1397 1025 1460 adinvenisse
1050 1398 1250 1483 perhibetur,
1280 1399 1323 1463 ad

79 1509 308 1572 discretionem
329 1523 441 1587 regum
464 1505 621 1569 habitune
644 1514 676 1567 et
700 1514 728 1580 s.
749 1505 786 1570 7:
819 1505 979 1588 „Cincius
995 1503 1140 1569 Gabinus
1164 1515 1227 1588 est,
1249 1523 1322 1571 oum

79 1621 125 1678 ita
144 1617 314 1696 imponitur
335 1621 423 1696 toga,
444 1621 479 1674 ut
501 1623 598 1696 togae
619 1614 748 1696 lacinia,
772 1633 856 1694 quae
878 1627 1069 1696 postsecus
1091 1615 1242 1699 reiicitur,
1264 1625 1319 1678 at·

79 1724 213 1785 trahitur
234 1721 276 1783 ad
295 1730 427 1802 peetus,
458 1720 502 1783 ita
536 1730 573 1783 ut
601 1741 643 1784 ex
670 1729 804 1802 utroque
832 1723 931 1784 latere
952 1740 995 1782 ex
1014 1722 1154 1784 humeris
1173 1725 1319 1804 picturae

80 1830 250 1911 pendeant,
272 1837 307 1890 nt
321 1832 512 1895 sacerdotes
533 1832 696 1913 gentilium
718 1832 889 1911 iaciebant,
912 1841 967 1894 aut
988 1831 1197 1912 cingebantur
1218 1852 1317 1915 prae·

82 1936 204 2003 toreS.“
240 1939 375 2000 Servius
405 1938 508 2001 addit:
551 1939 649 2020 „Hoc
670 1947 775 2001 autem
805 1939 990 2001 vestimenti
1016 1941 1138 2022 genere
1169 1941 1319 2006 utebatur

82 2047 196 2111 consul
223 2045 306 2108 bella
324 2045 508 2146 indicturus,
538 2044 609 2107 ideo
637 2050 713 2126 qnia
740 2064 812 2108 cnm
843 2044 938 2110 Gabii
971 2046 1168 2128 Campaniae
1199 2049 1317 2112 civitas

81 2161 184 2220 sacris
207 2161 399 2237 operaretur,
423 2152 538 2213 bellum
559 2150 675 2211 subito
688 2154 806 2212 euenit.
821 2152 912 2215 'l'unc
932 2153 1023 2215 cives
1043 2153 1139 2215 cincti
1159 2155 1320 2236 togissnis

57 2289 62 2300 ¹
83 2265 122 2328 ab
145 2267 213 2326 aris
234 2261 274 2324 ad
297 2259 379 2320 bella
399 2258 532 2338 proiecti
553 2265 626 2319 sunt
658 2266 690 2319 et
718 2257 825 2384 adepti
853 2259 1050 2323 victoriamf‘
1095 2260 1194 2323 Piens
1222 2265 1317 2324 etiam

79 2373 160 2454 vlt,
190 2371 266 2435 187.

162 2486 238 2560 lpse
262 2481 424 2556 Quirinali
442 2481 519 2541 lituo
538 2499 703 2559 paruoque
723 2480 851 2540 sedebat

64 2633 66 2638 ·
159 2595 355 2656 Strocinetua
378 2594 485 2654 trahea
507 2588 658 2670 laeuoque
679 2590 783 2650 ancile
801 2584 940 2664 aalma

667 2833 702 2924 §-
723 2837 751 2898 ι.

596 2999 654 3052 lie
681 2995 798 3052 sella.

158 3176 235 3237 Non
263 3172 402 3234 trabeam
424 3172 541 3250 solnm,
573 3165 632 3228 sed
660 3173 693 3228 et
712 3165 852 3226 sellom
882 3167 975 3243 repat
994 3164 1142 3226 Latinum
1164 3157 1224 3241 Xl,
1245 3155 1319 3221 334.

80 3278 206 3339 misisse
227 3273 426 3353 audivimus,
456 3287 549 3351 qnam
579 3265 718 3329 curulem
738 3282 830 3346 ease,
859 3283 1117 3347 magnopereque
1138 3284 1158 3327 a
1178 3264 1322 3344 ξεστοῖσι

78 3377 221 3445 λίθοισιν
242 3373 321 3465 ἱερῷ
350 3371 397 3440 ἐνὶ
417 3363 520 3456 κύκλῳ
541 3374 724 3436 Homericis
741 3370 876 3458 ‚differre
893 3371 982 3452 pueri
998 3371 1065 3434 iere
1082 3373 1201 3436 vident.
1229 3373 1321 3435 Haeo

78 3494 156 3556 aella
189 3508 285 3573 quum
313 3489 352 3550 iis
380 3486 503 3550 Romae
529 3484 768 3560 attribueretur,
803 3479 856 3561 qui
885 3479 1063 3560 triumphati
1084 3497 1179 3542 cnrrn
1199 3483 1320 3542 invecti

77 3603 233 3681 fuissent,
265 3606 302 3660 ut
322 3597 458 3660 Servius
480 3599 586 3656 monet
608 3590 668 3671 (of.
692 3589 765 3652 Liv.
787 3588 831 3669 X,
851 3587 905 3660 7):
927 3589 1071 3669 apposite
1091 3585 1226 3690 Romani
1247 3605 1319 3650 eam

76 3816 198 3878 toribus
219 3818 288 3876 nnis
310 3813 462 3894 aequales
483 3808 670 3871 habuerunt.
708 3803 814 3868 'l'ria
806 3822 836 3863 m
857 3809 1001 3884 promptu
1021 3809 1095 3863 sunt
1110 3800 1203 3863 huius
1220 3801 1318 3864 moris

75 3925 231 4006 exempla
272 3922 389 4004 Legati
416 3922 498 3981 enim
527 3917 568 3980 ad
600 3913 792 3996 Syphacem
815 3910 951 3991 profecti
979 3906 1064 3989 apud
1086 3905 1159 3970 laia
1178 3909 1319 3987 XXVli,

74 4035 109 4096 l:
145 4030 250 4093 adona
285 4029 384 4091 tulere
420 4036 528 4111 togam
562 4033 595 4088 et
621 4023 763 4085 tunicam
791 4035 998 4102 pnrpuream,
1029 4015 1172 4077 sellam
1200 4010 1319 4079 ebur·

74 4161 187 4207 neam
204 4173 246 4185 -
265 4159 324 4193 -ιι
346 4145 379 4199 et
400 4135 585 4197 Ptolemaeo
608 4129 696 4212 »regi
717 4137 825 4209 togam
842 4137 875 4188 et
892 4123 1027 4186 tunicam
1047 4140 1234 4205 purpuream
1248 4143 1320 4193 cum

75 4252 184 4314 sella
204 4246 407 4308 eburneae
430 4242 540 4318 Xlrll,
571 4240 623 4302 ll:
660 4235 814 4300 „Eumeni
840 4251 919 4294 vero
948 4231 1140 4312 conspiratio
1159 4231 1319 4294 adversas

80 4375 152 4419 enm
176 4351 332 4434 [Persea]
355 4351 500 4414 favorem
521 4345 606 4429 apud
625 4340 906 4420 nominantem,
930 4338 974 4402 ita
1002 4354 1113 4400 omnes
1133 4337 1165 4399 ai
1183 4337 1319 4400 honores

79 4468 195 4548 habiti,
229 4463 373 4546 donaque
394 4479 488 4544 quam
516 4457 708 4542 amplissima
735 4453 811 4516 data
838 4447 1042 4516 enm'sella
1068 4449 1198 4512 coruli
1224 4454 1319 4529 atque

82 4579 220 4640 eburneo
240 4568 428 4654 scipione“
537 4584 539 4588 ·
658 4595 671 4624 ι,

163 4680 261 4764 Apud
274 4679 450 4764 Vergilium
463 4691 542 4738 vero
554 4674 636 4737 haec
647 4619 732 4736 solia
742 4667 858 4732 totiens
873 4668 940 4730 iere
953 4666 1154 4750 conspicitur,
1176 4664 1320 4745 quotiens

81 4795 195 4856 solium
216 4789 402 4854 nominatur.
451 4784 549 4868 (Lyd.
571 4783 611 4848 de
632 4778 832 4864 magistra
858 4776 950 4851 lat,
978 4775 1015 4840 7:
1048 4761 1112 4836 Τον
1133 4765 1170 4833 δὲ
1189 4757 1310 4855 θρόνον
