3000 5184
522 187 580 252 De
601 188 854 255 ornamentis.

72 423 76 427 .
126 401 129 406 ·
153 368 264 436 Aurea
284 371 432 433 acuerant
450 379 586 434 commea
604 393 696 452 quem
715 373 858 452 sibula
878 375 962 433 ritu,

154 479 312 558 crouybu
333 488 365 540 et
383 485 475 542 tereti
494 483 665 542 nectebant
682 481 774 542 dente
796 484 928 546 cicadae.
1086 470 1089 475 ³

72 582 125 646 Gi
153 585 303 668 Thucyd.
329 588 362 661 1,
390 587 429 649 63
473 581 523 666 [ui
542 577 727 671 Ἀθηναῖοι]
767 583 821 648 καὶ
849 578 974 672 χρυσῶν
1006 581 1157 670 τεττίγων
1187 574 1312 676 ἐνὲρνει

68 681 236 775 κρωβύλον
257 681 471 773 ἀναδούμενοι
497 691 561 756 τῶν
588 689 622 756 ἐν
646 691 687 780 τῇ
717 691 845 780 κεφαλῇ
876 691 1001 779 τριχῶν.
1057 697 1242 778 Quanquam
1271 700 1312 766 de
1428 779 1431 784 Δ

68 801 153 864 Nise
174 823 236 866 uun
259 806 370 872 iniuria
385 807 492 872 dicere
507 810 639 890 puteris,
660 809 891 871 Atheniensem
907 807 1047 870 habitum
1067 807 1096 867 in
1111 807 1193 869 iilum
1205 810 1310 889 ipsum

69 906 234 974 Graecum
257 917 359 999 magis
381 916 551 998 quadrare,
583 937 677 998 quam
700 920 731 982 in
753 919 904 981 Volscam
926 921 1100 1001 virginem,
1127 919 1311 1000 praesertim

67 1037 165 1099 quum
188 1021 260 1082 aliis
281 1022 362 1085 iocis
384 1041 464 1086 aeus
486 1024 703 1088 discriminatis
723 1024 938 1089 Romanarum
961 1033 1120 1106 tangatur.
1148 1026 1207 1108 XI,
1230 1045 1262 1087 v.
1281 1044 1311 1107 g.

11 1186 12 1189 ,
68 1128 148 1192 5763
181 1131 248 1190 Pru
269 1131 386 1191 erirmii
405 1152 493 1218 auru.
537 1131 649 1192 Didoni
671 1131 731 1210 W,
759 1129 831 1212 1383

470 1241 584 1303 oram
604 1243 764 1300 nudantur
785 1244 819 1300 ire
840 1259 963 1302 arrrurn.

69 1343 211 1410 Gemma
233 1348 326 1411 etiam
349 1357 381 1410 et
403 1349 548 1411 diadema
568 1367 697 1411 aureum
719 1350 832 1430 eapitis
855 1348 974 1412 ornatui
996 1344 1160 1409 adhibetur
1175 1346 1205 1408 iu
1222 1361 1313 1408 eum·

70 1459 241 1536 paratione
262 1459 504 1540 elegantissima
526 1462 570 1537 X,
597 1458 674 1523 1343

153 1565 271 1642 Qualia
289 1588 438 1644 cemma
458 1551 560 1640 micat,
581 1569 703 1648 [ictuum
725 1587 806 1647 quae
827 1567 937 1626 dividit
956 1586 1080 1640 aurum,

153 1673 226 1736 Aut
244 1675 324 1736 cultu
345 1677 444 1736 decus
464 1683 523 1735 aut
542 1679 648 1755 cupiti,
671 1675 723 1734 eet
740 1675 835 1752 quale
853 1693 912 1750 per
934 1679 1034 1733 artem

154 1781 321 1843 Inclusum
341 1784 427 1843 buce
448 1789 507 1842 eut
524 1782 634 1844 Oricia
656 1782 831 1841 terebintho

154 1891 262 1954 Lucet
280 1895 365 1964 ebur,
384 1895 478 1972 susce
499 1895 609 1952 cerere
631 1895 684 1951 eui
705 1892 809 1952 lactea
830 1893 929 1950 crinis

157 1999 288 2078 Accipit
305 2011 338 2065 et
355 2004 444 2064 multi
462 2004 649 2064 subnectens
670 2003 855 2062 circulus
877 2020 964 2062 auru.

70 2109 125 2170 Ab
147 2110 282 2191 Ulpiano
306 2112 380 2192 Dig.
402 2110 564 2191 xxxiv,
593 2112 629 2186 2,
656 2109 706 2171 aa
728 2109 925 2170 nominantur
946 2105 1069 2187 quidem
1096 2109 1224 2188 vittae,
1253 2109 1315 2171 mi·

72 2225 160 2299 trae,
181 2221 386 2297 semimitrae‚
410 2220 586 2302 caiantica,
609 2237 707 2282 aeus
728 2237 813 2280 eum
838 2218 1079 2296 margarite,
1102 2233 1214 2299 quam
1237 2234 1316 2277 mu-

71 2325 205 2386 lieres
232 2325 386 2387 habere
415 2325 567 2404 soient,
600 2325 742 2402 reticula,
766 2323 961 2386 crecufantia
983 2330 1017 2384 nt
1040 2330 1223 2384 ornamenta
1243 2341 1317 2383 mu·

70 2433 200 2512 lienum,
225 2451 329 2512 neque
351 2449 429 2493 vere
451 2431 604 2494 diadema.
648 2433 800 2492 Attamen
822 2430 966 2493 isidorus
988 2429 1140 2510 ΧΙΧ,31,
1157 2429 1191 2493 13
1214 2429 1316 2492 »tria-

72 2539 171 2601 dema
194 2547 244 2599 est
264 2541 616 2621 oruamentum'eapitis
638 2552 849 2601 matronarum
872 2559 913 2603 ex
935 2557 1009 2599 auru
1031 2547 1062 2598 et
1083 2536 1216 2620 gemmis
1235 2553 1315 2598 een·

72 2655 216 2716 textum,
249 2648 330 2730 quod
351 2648 380 2710 in
402 2667 440 2711 se
461 2650 659 2714 circumactis
680 2648 930 2710 extremitatibus
954 2655 1037 2724 retro
1060 2646 1276 2730 astringitur.a

159 2755 232 2815 Atia
264 2757 358 2816 etiam
381 2773 456 2818 cura
482 2756 603 2836 capitiis
632 2754 844 2844 adhibebatur.
888 2755 1079 2816 Calamistre
1102 2755 1339 2840 vibrabantur„

72 2863 249 2944 unguentis
271 2864 500 2926 imbuebantur.
542 2864 669 2924 Turnus
690 2864 776 2943 cupit
799 2865 928 2924 Aeneae
951 2862 1025 2937 xil,
1046 2863 1107 2928 993

492 2972 540 3032 Et
555 2971 687 3050 foedere
707 2975 741 3030 iu
761 2971 892 3048 puluere
913 2974 1013 3030 crinis

166 3063 351 3140 Vibrutee
372 3079 474 3139 aalide
491 3083 579 3158 ferre
600 3099 773 3158 murraque
793 3081 973 3140 moderati
980 3099 1006 3139 s.

76 3191 212 3251 Aeneas
234 3195 369 3246 vocatur
389 3185 449 3267 tv,
472 3185 550 3249 2162

161 3296 312 3357 Maeonia
332 3300 470 3354 mentum
491 3299 586 3355 mitra
607 3298 789 3376 crinemque
808 3299 1027 3358 madentem
1095 3372 1097 3376 ι

163 3403 341 3465 Sebuinus.
723 3397 726 3400 ’

77 3511 183 3592 Virgo
206 3510 314 3571 infelix
336 3509 507 3591 baechatur
530 3505 598 3570 Cir.
625 3505 698 3568 1673

162 3625 238 3684 Nera
257 3622 500 3700 styrace'lduce
516 3621 688 3697 fluerurrtis
709 3623 809 3680 tinctu
830 3617 975 3697 eupitius.

9 3756 14 3763 ¹
79 3726 134 3794 ef.
157 3728 251 3791 Ovid.
276 3731 314 3795 Α.
338 3731 378 3790 Α.
400 3729 432 3810 1,
453 3727 536 3790 505:
880 3739 881 3744 ’

165 3836 232 3901 Sed
254 3838 309 3899 tibi
330 3856 391 3898 nee
411 3836 493 3898 ferre
516 3837 640 3918 placeat
661 3845 809 3919 torquere
830 3834 977 3914 capillos,

208 3947 281 4006 Nec
304 3956 357 4007 tua
380 3944 521 4007 mordaci
542 3945 666 4026 pumice
687 3962 779 4006 erura
801 3951 903 4024 tegas.

74 4039 131 4132 u,
160 4037 239 4119 aur}

149 4145 152 4152 ¹
251 4143 401 4225 'terserit'
412 4163 486 4244 igne
508 4175 631 4224 cumam
639 4204 651 4243 ‚
673 4168 755 4222 terte
778 4159 892 4241 capiiie
915 4159 1015 4240 place.

82 4301 188 4364 Vama
204 4299 239 4360 b.
253 4299 290 4361 L.
307 4295 349 4358 V.
371 4302 398 4370 §.
422 4296 495 4358 1193
518 4293 776 4375 »calamistrum
800 4291 883 4375 qued
904 4292 954 4356 his
977 4288 1142 4353 calefactis
1162 4287 1194 4352 in
1215 4288 1320 4352 cinere

82 4408 217 4489 eupitius
237 4416 373 4476 uramur.
402 4405 463 4486 Qui
484 4422 525 4470 aa
545 4404 754 4485 ministrabat,
777 4422 796 4465 a
818 4405 924 4466 cinere
946 4401 1118 4466 cinerarius
1139 4407 1191 4464 est
1211 4400 1325 4481 eppei-

82 4517 196 4588 iatus.u
219 4513 366 4582 Crinibus
386 4513 584 4579 madentibus
605 4509 837 4592 comparandus
859 4519 910 4573 est
935 4510 1020 4591 apud
1043 4511 1155 4572 Horat.
1177 4525 1274 4572 earm
1295 4509 1322 4586 1,

82 4625 122 4705 5,
141 4624 173 4685 2.
187 4616 271 4702 ‘puer
290 4621 586 4705 pertusus'iiqnidis
607 4619 766 4684 odoribus.
809 4616 1037 4681 Animadverte
1064 4617 1159 4680 etiam
1180 4616 1224 4694 X,
1243 4614 1325 4682 caaz

74 4739 224 4812 comptor
250 4732 289 4794 de
316 4751 403 4792 mure
423 4731 574 4811 eupitius,
602 4729 690 4810 1111,
710 4727 784 4791 605.
826 4727 982 4802 Laviniae
999 4731 1101 4807 flavos
1121 4727 1238 4806 crium,
1260 4723 1326 4822 Ν,
