3000 5184
209 225 250 287 64
570 219 640 283 ·De
661 219 788 283 loriea
808 235 855 282 ae
874 219 1055 282 thorace.

211 405 318 469 bulum
338 425 380 470 ex
401 405 503 467 anulis
524 401 629 465 lerrea
650 401 785 466 tunioan
807 402 924 465 [rorice
944 403 1053 483 itaque
1076 418 1116 462 eo
1137 411 1163 462 a
1179 397 1312 462 thorace
1334 399 1457 482 differt,

212 513 305 596 quod·
317 513 370 575 illa
391 529 518 598 semper
540 492 650 591 parvis
670 508 794 572 laminis
804 511 858 572 vel
878 509 981 572 anulis
1004 515 1055 571 est
1078 507 1306 589 conuexe,l1ie
1326 509 1457 590 integro

210 622 338 685 metello
359 628 410 682 est
430 619 532 681 fusus.
574 617 694 681 Variae
714 617 822 700 itaque
848 625 923 680 suut
948 617 1113 679 loricarum
1136 633 1272 696 genera,
1299 624 1338 676 ut
1359 616 1458 697 plu·

211 735 324 793 mata.
347 728 487 790 Iustinus
508 728 597 809 XLI,
605 727 635 790 2.
644 727 684 789 de
693 727 833 808 Parthis,
856 744 937 808 quos
950 727 1108 788 Antonius
1130 723 1317 807 debellavit,
1331 733 1457 787 narrat:

214 837 464 898 „Munimentum
497 837 574 918 ipsis
606 840 784 919 equisque
812 835 971 898 loricae
1009 834 1213 916 plumatae
1242 843 1341 916 suut,
1374 853 1456 916 quae

212 951 381 1024 utrumque
402 950 470 1006 toto
492 962 625 1024 corpore
647 951 789 1028 teguntur
812 942 937 1023 Quibus
958 939 1189 1026 comparandus
1209 949 1261 1004 est
1282 941 1452 1024 Phrygius

211 1053 265 1116 ille
287 1052 444 1116 Chloreus
465 1051 548 1135 apud
568 1053 748 1138 Vergilium
768 1055 827 1139 XI,
849 1053 930 1117 770:

295 1160 564 1243 Spumantemque
583 1166 723 1242 aqitadat
743 1183 867 1239 ecum,
891 1185 983 1244 quem
1000 1164 1096 1244 pellae
1116 1168 1206 1226 aenis

295 1273 342 1332 Ia
360 1270 530 1349 plumam
550 1275 693 1350 squamis
712 1291 792 1332 aura
811 1278 958 1333 cmuerta
978 1274 1108 1351 tepebat.

215 1375 365 1442 Servius:
388 1375 657 1464 „cataphractum
686 1395 759 1439 eum
786 1376 890 1441 tuisse
916 1379 1087 1462 siguificat.
1109 1377 1317 1461 cataphracti
1349 1385 1454 1439 autem

213 1484 338 1566 equites
359 1482 514 1570 dicuntur,
537 1487 589 1569 qui
612 1495 644 1547 et
667 1485 726 1567 ipsi
746 1487 832 1548 terro
871 1487 979 1549 muniti
1010 1496 1086 1550 sunt
1114 1496 1146 1551 et
1173 1487 1277 1569 equos‘
1305 1485 1454 1548 similiter

211 1598 350 1656 munitos
371 1594 500 1677 habeut,
523 1595 564 1658 de
586 1595 697 1676 quibus
725 1594 902 1658 Salustius:
921 1595 1022 1676 Equis
1035 1597 1123 1677 paria
1131 1598 1329 1676 operimenta
1351 1600 1453 1672 eraut,

213 1715 294 1778 quae
316 1699 413 1762 lintea
431 1701 543 1763 terreis
562 1703 684 1766 lamiuIs
704 1702 740 1764 iu
762 1701 914 1766 modum
934 1704 1095 1786 plumae
1115 1704 1364 1766 adnexueranea
1389 1701 1456 1765 Sed

213 1825 256 1868 ex
276 1807 328 1870 illo
348 1808 418 1887 Ipso
440 1809 585 1872 Maronis
604 1809 675 1872 loco
696 1809 831 1872 eflicitur
852 1809 965 1872 deinde
986 1800 1211 1893 squamata.
1249 1811 1350 1874 Pellis
1372 1811 1453 1874 enim

213 1915 306 1978 aeuis
328 1915 468 1996 squamis
488 1931 566 1977 auro
589 1923 737 1978 conserta
759 1924 837 1978 erat.
860 1914 911 1979 Cl.
933 1917 1095 1994 1x‚707:

296 2023 365 2084 Nec
385 2022 544 2102 duplici
563 2044 731 2105 squama
753 2026 887 2086 lorica
904 2027 1009 2107 fideles
1029 2034 1062 2088 et
1080 2046 1159 2088 auro

297 2129 468 2193 Sustinuit.

215 2236 268 2301 ubi
289 2239 426 2302 Servius
447 2247 548 2301 recte:
571 2239 609 2300 ui.
630 2257 658 2302 e.
683 2239 859 2322 duplicibus
885 2240 1028 2324 squamis
1050 2239 1183 2302 admisu
1226 2236 1320 2318 Quod
1341 2237 1452 2301 deiude

215 2345 316 2410 addit:
338 2348 521 2430 „Squamae
542 2338 650 2411 autem
671 2357 746 2412 sunt
761 2351 930 2415 loricarum
955 2360 1090 2413 catenae
1110 2349 1142 2410 in
1157 2348 1284 2411 modum
1299 2365 1453 2441 squamae

215 2455 442 2536 compositae«
464 2474 531 2519 rem
551 2476 613 2518 nou
636 2473 697 2519 acu
722 2452 876 2540 tetigisse
890 2458 1026 2525 videtur.
1062 2459 1223 2540 Squamae
1244 2456 1352 2538 potius
1380 2462 1452 2516 suut

214 2541 370 2645 lamellae,
391 2563 437 2626 ita
456 2564 621 2646 formatae,
638 2565 747 2645 quales
768 2565 899 2646 piscium
923 2567 977 2628 vel
994 2565 1145 2650 anguium
1163 2582 1239 2626 esse
1260 2564 1376 2626 solent
1407 2561 1454 2626 Ci.

215 2668 301 2738 Gell.
324 2674 367 2757 11,
387 2673 417 2736 a
439 2672 550 2736 Talem
570 2668 724 2753 duplicem
741 2690 943 2755 squamarum
966 2671 1147 2756 vel'potius
1169 2673 1352 2735 catellorum
1373 2679 1448 2733 tex·
1487 2734 1488 2749 q

216 2790 317 2844 turam
333 2779 512 2862 siguificare
538 2779 665 2844 videtur
692 2775 790 2864 poeta
822 2784 898 2868 XII,
920 2781 993 2847 3⁷5.
1019 2799 1200 2846 memorans
1229 2782 1386 2844 dilicem
1406 2780 1452 2840 to-

216 2892 328 2973 ricam,
351 2889 403 2952 oui
422 2887 581 2972 adiungas
601 2890 680 2972 Vll,
701 2887 781 2952 639:

127 2976 130 2990 ¹
614 2995 819 3077 Clipeumqae
840 3018 980 3080 auroque
1002 2998 1184 3060 trilicem

296 3103 494 3167 Loricam.
1486 3160 1487 3191 q

214 3212 345 3294 (Quam
357 3231 420 3275 uon
439 3211 568 3275 linteam
580 3230 654 3274 esse
676 3231 785 3298 posse,
807 3235 849 3279 ex
870 3234 946 3279 auro
963 3216 1088 3282 adiecto
1108 3218 1219 3293 vides]
1241 3225 1275 3279 et
1295 3219 1353 3301 ΙΙΙ,
1372 3212 1447 3280 467τ
1486 3194 1487 3257 l

297 3321 486 3386 Loricam
507 3328 685 3382 consertam
703 3324 809 3386 danae
829 3344 970 3404 auraque
990 3327 1181 3394 trilicem.

217 3430 271 3496 ubi
294 3431 446 3496 Servius:
471 3429 604 3493 ”Hamis
626 3439 733 3494 autem
756 3433 877 3495 eatenis
898 3433 1087 3514 significata
1108 3435 1154 3518 V,
1175 3434 1253 3497 259:

101 3525 103 3530 ⁸
294 3540 432 3606 Leuibus
453 3543 528 3604 truie
551 3529 678 3605 tamis
698 3550 875 3606 consertam
894 3563 1034 3624 auraque
1054 3543 1234 3608 trilicem

298 3650 454 3716 Loricam.

216 3753 292 3846 Ilua
312 3774 438 3842 queque
460 3739 619 3841 pertinere
640 3759 767 3825 videtur
788 3764 831 3841 X,
852 3761 934 3840 ³13„
956 3763 1009 3826 ubi
1031 3763 1162 3826 Aeneas
1185 3761 1324 3824 'l'heroui

739 3870 856 3934 Gladio
876 3892 996 3953 perque
1015 3892 1136 3933 aereo
1157 3877 1268 3954 suta,

298 3973 364 4033 Per
384 3978 522 4037 turcicum
542 3978 738 4058 squalentem
760 3998 848 4054 aare,
873 3980 965 4065 latus
981 3979 1090 4041 lauat
1108 3986 1264 4056 apertum.

217 4075 366 4140 Servius:
388 4081 564 4144 nI'aaicam
584 4086 780 4164 squalentem
800 4085 1023 4167 splendentem
1046 4086 1207 4148 loricam«
1249 4085 1342 4166 Quae
1363 4100 1448 4165 quum

218 4187 262 4250 ile
281 4187 355 4268 siut,
377 4190 451 4272 quid
470 4210 682 4284 memoremus
704 4195 796 4279 vrri,
817 4195 889 4258 621.
912 4197 1045 4259 Aeneae
1068 4258 1070 4266 ,

444 4359 450 4374 s
543 4299 731 4364 Loricam
754 4323 798 4365 ea
818 4324 892 4366 aere
911 4307 1064 4382 riqentem
1085 4298 1089 4309 ’

300 4401 519 4481 Sanquineam
539 4403 722 4489 inqentemt

217 4538 263 4601 At
283 4538 379 4602 'lurni
399 4547 588 4603 armaturam
610 4562 715 4606 uouue
735 4544 883 4606 miremur
903 4545 979 4625 XII,
1000 4544 1060 4610 st:
1111 4507 1115 4512 ι

296 4649 372 4727 Ipse
392 4647 508 4733 stetim
529 4667 607 4710 auro
629 4652 825 4731 squalentem
846 4654 977 4734 alioque
996 4656 1155 4725 omcnaleo

300 4755 491 4822 circumdat
508 4753 674 4820 loricam
694 4764 824 4822 ameria.
