3000 5184
106 229 108 232 ’
212 242 287 354 ter
537 248 576 288 -n
746 247 913 314 aaaron.

210 428 302 510 vm,
323 421 380 500 di:

232 527 236 536 ¹
290 543 376 604 Huic
397 545 474 604 deus
495 549 564 622 t'pse
583 545 643 606 loci
655 547 754 620 fiuos'o
778 544 944 606 Illuricae
964 563 1093 605 ommno
1112 588 1121 606 .
1143 586 1153 606 0
1174 588 1182 605 .
1209 590 1218 606 .

209 653 353 734 Denique
375 661 486 715 notatu
506 653 693 738 dignissimo
711 661 763 715 est
783 654 870 714 visio
891 652 932 729 V,
955 653 1007 714 st.
1027 662 1162 765 uarro*
1194 656 1339 729 Aeneae,
1360 673 1457 736 quum

209 763 370 843 exsequiis
383 761 546 823 Anchisae
558 761 694 842 peractis
704 761 821 842 pocula
834 761 953 823 tumulo
969 760 1188 846 imposuisset,
1207 780 1302 826 rosus
1319 766 1457 828 iniecis-

208 877 278 954 set,
301 869 412 950 anguis
432 869 535 930 subito
556 876 686 950 apparet
708 867 865 930 coloribus
894 866 1046 951 fulgens,
1146 883 1150 889 ·

281 978 431 1037 ‘Tandem
450 980 533 1037 inter
551 983 681 1054 poteras
702 982 735 1036 et
755 976 837 1035 levio
853 975 970 1054 poculo
990 992 1124 1054 serpeus

290 1086 477 1168 nitoresque
497 1087 594 1162 dapes
614 1103 792 1163 rursusque
811 1084 965 1144 innacius
986 1085 1048 1145 uuo

291 1181 458 1257 Successit
476 1193 595 1255 tumrslo
614 1199 646 1253 et
661 1194 793 1268 depasto
813 1191 930 1253 altaria
950 1192 1050 1272 liquit.
1098 1221 1103 1225 ·
1124 1183 1127 1189 ’

293 1303 361 1363 Hoc
385 1307 486 1380 usupr's
506 1301 648 1379 inceptos
666 1305 806 1378 gruison·
823 1302 986 1365 sustuurtrt
1006 1303 1151 1385 honores,

288 1409 436 1470 Incertus
458 1409 490 1472 G
497 1411 681 1469 euiumue
700 1406 785 1468 loci
800 1408 1000 1488 famulumne
1017 1417 1161 1487 pareatis

289 1522 375 1581 Esse
393 1523 511 1598 putet.
534 1561 541 1578 .
563 1561 571 1576 .
593 1560 602 1577 .

162 1623 163 1632 ’
206 1631 323 1693 Nonne
345 1631 464 1710 mirum,
486 1645 623 1709 anguem
637 1626 704 1694 ,hoo
725 1625 797 1686 loco
819 1626 950 1688 Aeneae
971 1642 1032 1686 ooo
1044 1606 1315 1708 prodigiom'esso
1332 1628 1452 1708 vistim,

206 1724 301 1822 quum
324 1736 409 1818 apud
433 1735 580 1800 Ovidium
602 1736 690 1798 I’ast.
715 1736 754 1810 II,
775 1734 852 1796 711:

288 1847 388 1926 Ecce,
413 1845 503 1906 celas
524 1845 606 1926 visu,
629 1841 740 1906 mediis
763 1844 913 1906 altaribus
933 1845 1047 1926 anguis

351 1954 435 2029 Exit,
459 1961 491 2014 et
513 1952 679 2014 exstinctis
702 1953 829 2033 ignibus
851 1960 928 2015 exta
949 1953 1037 2035 rapit.

107 2087 110 2095 '
205 2096 238 2150 et
259 2087 332 2148 Liv.
352 2085 461 2160 XXV,
485 2085 535 2148 16:
568 2069 756 2166 ‚,Graecho,
778 2089 960 2168 priusquam
984 2085 1188 2148 est-hucauis
1209 2092 1373 2168 moveret,
1396 2103 1452 2146 sa-

205 2195 357 2256 crificanti
380 2194 469 2256 triste
490 2193 667 2276 prodigium
689 2195 809 2256 iactum
832 2205 892 2258 est.
934 2193 988 2256 Ad
1005 2204 1082 2256 exta
1095 2191 1252 2256 sacrificio
1265 2201 1451 2274 perpetrato
1487 2212 1488 2245 1

204 2301 329 2382 angues
352 2299 413 2362 duo
436 2322 477 2363 ex
499 2301 625 2362 occulto
647 2302 758 2381 allapsi
780 2302 876 2364 edere
896 2302 982 2364 iecur
1003 2295 1233 2382 conspectique
1254 2309 1393 2394 repente
1411 2319 1450 2362 ex

204 2407 303 2470 oculis
324 2408 477 2470 abierunt.
499 2407 535 2469 Id
559 2409 875 2489 quum'haruspicum
903 2409 1020 2471 monitu
1040 2409 1229 2473 sacrificium
1251 2411 1451 2472 instaurare·-
1487 2396 1488 2399 ¹

204 2527 252 2578 tur
278 2526 373 2599 atque
405 2516 555 2578 intentius
582 2524 658 2577 exta
683 2525 828 2579 reserata
855 2525 1074 2598 servarentur,
1104 2517 1216 2579 iterum
1249 2535 1289 2578 ac
1318 2515 1448 2579 tertium

202 2625 331 2686 venisse
358 2623 485 2685 tradunt
514 2622 673 2702 libatoque
694 2622 832 2684 iecinore
846 2623 998 2684 ‘intactos
1019 2626 1142 2706 angues
1165 2622 1295 2685 abiisse.
1342 2623 1449 2702 Quum

201 2733 385 2812 haruspices
412 2730 453 2792 ad
485 2730 708 2810 imperatorem
739 2727 771 2789 id
793 2727 949 2810 pertinere
970 2727 1150 2812 prodigium
1171 2731 1449 2810 praemonuissent

202 2847 235 2900 et
256 2839 295 2899 ab
318 2838 434 2899 ocultis
456 2835 634 2898 cavendum
654 2832 833 2896 hominibus
856 2834 1084 2914 consultisque,
1107 2835 1192 2897 nulla
1212 2843 1318 2898 tameo
1334 2843 1448 2918 provi-
1487 2834 1488 2907 i

201 2946 307 3007 dentis
330 2947 428 3006 fatum
451 2945 616 3006 imminens
638 2943 759 3004 moveri
780 2942 913 3024 potuit.“
956 2945 1185 3006 Verumtamen
1211 2944 1241 3005 iu
1263 2944 1317 3006 his
1340 2947 1447 3029 prodi-

203 3059 269 3138 giis
299 3055 414 3135 aliquid
435 3073 514 3116 sane
546 3054 678 3116 infausti
706 3054 809 3130 Inest,
836 3073 930 3135 quum
960 3052 1044 3133 apud
1065 3051 1215 3115 Ovidium
1245 3055 1364 3135 anguis
1389 3075 1446 3117 non

201 3165 303 3224 solum
332 3163 423 3244 ignes
453 3167 656 3245 exstinguat,
690 3160 749 3223 sed
770 3171 845 3222 exta
866 3161 961 3222 etiam
983 3162 1101 3242 rapiat,
1134 3179 1197 3222 non
1220 3160 1305 3222 libet.
1350 3161 1445 3245 Apud

200 3255 378 3352 Vergilium
398 3289 459 3332 non
482 3271 643 3351 perturbat
664 3289 762 3350 aram,
785 3270 844 3332 sed
864 3271 1011 3332 innoxius
1033 3270 1159 3333 recedit
1202 3270 1298 3352 Apud
1316 3273 1444 3336 Livium

200 3397 261 3440 non
283 3397 430 3460 magnam
452 3379 577 3458 quidem
600 3377 807 3440 differentiam
829 3379 984 3460 invenies,
1008 3379 1068 3441 nisi
1083 3380 1241 3462 quodduo
1257 3381 1321 3442 sint
1339 3383 1444 3444 iecor-

199 3507 262 3570 que
285 3487 469 3564 comedant3
505 3486 563 3548 sed
590 3486 665 3549 illud
692 3494 798 3549 tamen
819 3496 950 3570 spectes
972 3488 1050 3550 talia
1071 3509 1112 3551 ex
1135 3489 1337 3572 haruspIoum
1358 3493 1443 3552 lubi-

199 3597 272 3659 dine
303 3597 395 3660 modo
422 3599 453 3658 in
484 3599 618 3672 bonum,
651 3597 744 3659 modo
777 3599 809 3660 in
838 3602 954 3662 malum
976 3601 1096 3671 exitum
1117 3603 1261 3680 potuisse
1283 3600 1441 3681 explicari.
1487 3620 1488 3623 ¹

199 3708 234 3767 In
268 3707 382 3768 botrum
412 3705 508 3767 vertit
542 3703 687 3790 Aeneas,
713 3711 818 3787 'quum
843 3703 967 3768 Genius
990 3707 1053 3769 loci
1073 3727 1094 3768 a
1117 3707 1269 3769 Romanis
1291 3711 1440 3788 anguium
1487 3724 1488 3785 j

197 3813 305 3893 specie
328 3813 487 3874 coleretur
508 3821 544 3899 et
559 3829 713 3894 praesens
733 3813 825 3893 quasi
847 3811 927 3874 deus
950 3813 1052 3894 ipsum
1075 3814 1441 3916 sacrificiumwpropitins
1487 3826 1488 3905 J

25 3910 31 3921 ’
95 3943 97 3946 ·
197 3921 343 3999 occipere
365 3919 536 3982 videretur.
580 3922 714 3984 Servius
745 3919 785 3982 ad
814 3941 845 3982 v.
876 3921 935 3983 852
979 3921 1115 3982 aNuIlus
1142 3922 1225 3983 euim
1253 3923 1348 3984 locus
1378 3925 1441 3988 siue
1487 3972 1488 4003 2

198 4025 303 4090 Genio
325 4037 386 4110 est,
410 4030 463 4111 qui
483 4049 543 4110 per
560 4046 708 4112 anguem·
720 4031 904 4112 plerumque
925 4028 1111 4093 ostenditur.
1134 4030 1267 4092 Persius
1285 4033 1331 4108 (I,
1346 4031 1439 4103 lm:
1487 4032 1488 4099 ἶ

197 4135 322 4218 Pingue
341 4136 421 4198 duos
442 4156 577 4218 angues,
599 4159 691 4219 puer,
712 4139 741 4222 i,
763 4158 855 4201 sacer
877 4149 930 4202 est
950 4135 1076 4201 locos.“
1096 4139 1194 4201 Iulius
1215 4139 1369 4233 Valerius
1384 4160 1438 4201 rer.

196 4255 317 4327 gestor.
358 4245 529 4307 Alexandri
552 4247 677 4311 Maced.
703 4250 755 4312 lib.
776 4252 802 4324 1,
824 4251 880 4314 29:
924 4247 1124 4328 „Sepulchra
1146 4256 1255 4310 autem
1294 4246 1438 4310 draconis
1487 4292 1488 4327 p

196 4353 278 4416 illins
300 4353 361 4414 iam
384 4355 537 4433 perfecto,
559 4374 629 4418 cum
651 4356 761 4420 trabes
784 4356 949 4440 quaedam,
972 4373 1036 4437 qua
1058 4354 1266 4436 adgressum
1289 4357 1362 4419 eius
1382 4377 1437 4420 co·
1487 4362 1488 4441 ᾗ

195 4465 321 4525 lamnas
341 4462 562 4544 impresserat,
593 4485 672 4530 casu
693 4467 857 4547 repentino
880 4465 1055 4552 corruisset
1076 4463 1354 4544 dissiluissetqoe‚
1382 4483 1436 4526 ao-

196 4591 280 4654 gucs
310 4571 505 4650 conplusculi
534 4571 670 4636 indidem
701 4575 874 4636 emersisse
900 4582 977 4637 suut
997 4574 1079 4654 visi,
1114 4572 1211 4654 hique
1242 4570 1435 4650 reptabrrndi,

196 4685 288 4760 prout
309 4679 423 4760 cuique
444 4678 485 4740 ad
506 4678 673 4767 lubentium
693 4683 832 4762 impetus
855 4683 925 4764 fuit,
947 4690 1198 4745 constructarum
1215 4678 1364 4741 domuum
1378 4697 1434 4758 pa-

196 4783 318 4847 uitralia
338 4788 499 4848 invasere.
542 4781 738 4864 Quod'cnm
766 4788 868 4866 ipsum
890 4773 1017 4870 quoque
1038 4786 1174 4850 terribile
1193 4787 1363 4855 admodum
1384 4787 1433 4848 vi·'
1487 4810 1488 4879 3
