3000 5184
229 267 270 332 36
555 275 611 336 De
634 275 746 338 urbia
767 273 1002 338 condendae
1024 295 1140 338 more.

227 452 366 531 picturae
389 456 566 519 nudabatur
587 458 721 523 interior.
744 455 854 530 (Unde
874 459 976 538 perite
1004 466 1172 540 utrumque
1203 458 1311 539 tetigit
1342 455 1476 520 dicans:

233 561 344 623 Verria
365 565 506 626 discedat
522 569 695 649 frontibus,
716 568 844 651 singula
864 566 1229 652 singulisoomplootona
1241 553 1498 635 ammonitioni*

227 666 322 745 Quod
345 669 449 732 Varro
473 681 507 734 et
521 673 693 737 Suetonius
715 670 998 740 commemorant.“
1018 675 1068 736 De
1089 673 1243 736 machinis
1260 672 1473 744 versatilibus

226 775 268 837 os.
281 775 407 839 Vrtruv.
427 777 470 856 V,
493 782 523 854 6,
545 782 575 844 8.
604 781 748 843 Alterum
770 800 902 844 vorsum
923 782 1061 845 Servius
1083 783 1321 863 interpretatur:
1366 781 1471 860 „Hoc

222 881 392 944 secundom
414 883 575 949 historiam
599 895 650 950 est
682 888 818 950 locutus.
861 889 946 950 Nam
968 892 1155 972 Augustus,
1185 900 1355 969 postquam
1387 889 1471 948 vicit

221 987 426 1071 Britanniam,
447 995 597 1074 plurimos
619 993 659 1057 do
680 996 831 1079 captivis,
848 1014 928 1078 quos
940 995 1128 1079 abduxerat,
1145 994 1276 1059 donauit
1297 996 1340 1059 ad
1353 995 1469 1058 officia

222 1092 398 1180 theatralia,
422 1099 508 1163 dedit
530 1101 625 1163 otiam
646 1100 761 1164 aulana
783 1103 803 1163 i.
823 1121 851 1163 a.
873 1089 1053 1184 velamina,
1082 1104 1113 1164 io
1136 1104 1250 1186 quibus
1271 1101 1470 1184 depinxerat

221 1204 377 1268 victorias
397 1226 476 1270 suas
497 1219 528 1272 et
550 1207 811 1292 quemadmodum
834 1211 975 1274 Britanni
1007 1213 1048 1275 ab
1070 1229 1110 1272 eo
1132 1210 1240 1274 donati
1263 1211 1379 1274 uadem
1390 1212 1469 1273 veta

217 1319 388 1394 portarunt,
411 1333 493 1394 quau
513 1333 628 1376 revera
652 1324 780 1397 portare
801 1327 1044 1381 consueverant.
1082 1315 1185 1396 Quam
1206 1335 1272 1382 rem
1294 1317 1376 1379 mira
1399 1338 1466 1379 ox·

218 1419 321 1500 primit
342 1423 547 1504 ambiguitate
569 1423 695 1486 dioeua:
716 1428 836 1486 intenta·
856 1425 977 1486 tollunt.
1011 1425 1098 1488 Nam
1119 1429 1151 1488 in
1172 1425 1257 1487 vatia
1286 1425 1347 1508 ipsi
1370 1438 1466 1491 orant

218 1529 305 1612 picti,
328 1532 383 1618 qui
404 1527 515 1592 eadum
537 1529 611 1591 vela
634 1529 835 1610 portabant.“

295 2333 448 2397 Extremo
470 2337 540 2397 loco
558 2335 588 2395 in
606 2330 786 2414 oppidove!
802 2330 926 2392 ooionia
946 2289 1142 2392 aedificanda
1163 2361 1202 2372 -
1228 2327 1269 2390 do
1288 2327 1351 2390 hoo
1375 2330 1459 2391 euim

216 2447 316 2508 oratio
349 2454 418 2510 orat
442 2445 592 2530 digressa
629 2478 670 2518 -γ
710 2440 880 2505 similitudo
911 2449 945 2502 et
965 2439 1146 2521 platearum
1187 2450 1220 2503 et
1248 2441 1396 2504 vinorum
1428 2451 1460 2503 ot

212 2555 312 2635 ipsius
333 2557 468 2618 nominis
487 2573 556 2616 oum
581 2553 655 2615 urbo
671 2553 773 2634 patria
793 2553 852 2613 orit
872 2548 1056 2632 spectanda
1099 2549 1175 2610 Non
1195 2567 1268 2612 raro
1287 2542 1374 2612 'enim
1397 2568 1458 2613 oo·

211 2666 282 2748 loni
300 2685 362 2727 uon
384 2664 487 2726 solum
515 2661 599 2725 urbis
619 2679 747 2742 nomen,
780 2656 840 2720 sod
862 2657 996 2720 fluminis
1023 2657 1118 2719 etiam
1147 2656 1316 2739 retinuero,
1338 2657 1456 2721 deindo

210 2776 322 2856 forum,
346 2775 407 2836 alia
429 2772 469 2835 ad
491 2770 625 2835 eandem
646 2769 787 2851 speciem
804 2754 1025 2829 aedificavere.
1075 2765 1165 2827 'l’alia
1186 2765 1271 2847 apud
1291 2768 1453 2832 Helenum

202 2890 261 2976 'ost
283 2901 388 2943 rerum
409 2881 552 2945 condioio
574 2879 630 2951 111,
654 2876 731 2939 349:

293 3015 447 3090 Procedo,
468 3019 502 3074 et
517 3030 650 3091 paruum
676 3011 798 3071 d'ror‘um
820 3009 1033 3086 rimulataque
1051 3011 1177 3083 muynr'e

219 3108 221 3116 ¹
293 3124 454 3199 Peryomo
474 3127 666 3182 clarentem
686 3119 815 3181 atuatici
831 3122 1014 3195 ooyrromine
1035 3119 1132 3177 rivom

292 3227 474 3310 Adamana,
497 3225 682 3305 Scaeaeque
701 3224 873 3303 amplector
895 3225 1004 3284 irmino
1019 3229 1141 3302 portae.

209 3385 260 3449 ubi
282 3386 434 3452 Servius:
461 3388 581 3470 „Multi
601 3394 725 3471 putant,
757 3388 901 3450 Aeneam
922 3385 963 3448 do
984 3403 1024 3448 ea
1043 3385 1177 3449 vonisse
1198 3386 1240 3449 ad
1260 3386 1392 3467 Epirum
1417 3395 1449 3448 et
1487 3364 1488 3435 i

208 3494 254 3556 ibt
276 3494 358 3558 bauo
379 3496 449 3558 iona
471 3514 526 3576 per
548 3495 706 3559 licentiam
727 3494 884 3576 poeticum
905 3509 981 3555 ease
1002 3493 1148 3558 conficta.
1177 3494 1282 3559 Varro
1303 3497 1395 3580 Epiri
1409 3515 1447 3559 so
1485 3530 1486 3533 =

76 3625 87 3638 ·
207 3603 310 3681 suinae
333 3602 438 3686 tradit,
461 3613 494 3667 et
513 3608 617 3667 omnia
639 3604 711 3666 loca
732 3601 843 3664 iisdem
866 3601 1133 3682 dioinominibus,
1146 3620 1229 3683 quaa
1243 3613 1340 3684 poeta
1354 3623 1447 3669 oom-

207 3721 376 3794 memorat,
397 3730 435 3775 so
459 3710 593 3774 vidisse:
615 3708 697 3772 uude
718 3721 851 3791 apparot
870 3709 952 3771 baeu
971 3729 1035 3771 non
1066 3727 1144 3771 ease
1172 3709 1355 3776 iabuioaa.“
1398 3717 1447 3778 De
1483 3730 1484 3811 t

208 3840 339 3905 quorum
359 3824 500 3885 veritato
521 3820 583 3881 etsi
611 3817 801 3881 dubitantior
821 3819 932 3900 aliquia
962 3820 1146 3901 scrupulum
1175 3822 1278 3902 possit
1303 3822 1445 3907 iniicere,
1482 3824 1483 3905 i

208 3930 408 3992 nihilominus
430 3929 505 3991 talia
525 3927 650 3990 nomina
669 3927 699 3986 in
715 3927 846 3987 ooloniia
861 3927 1031 4008 mansisse,
1042 3924 1117 3989 iude
1133 3927 1241 4009 vidos,
1263 3928 1442 4009 quodCato
1480 3920 1482 3999 i

206 4037 339 4119 primum
361 4038 507 4101 initalia
528 4038 568 4100 ab
590 4038 702 4099 Aenea
732 4036 893 4099 conditum
915 4035 1062 4118 oppidum
1083 4036 1210 4099 'froiam
1232 4054 1307 4100 osse
1329 4042 1442 4120 appel·
1480 4012 1481 4093 i

204 4147 300 4209 latum
323 4145 459 4208 tradidit.
483 4144 534 4208 Cf.
555 4145 648 4208 Serv.
669 4142 709 4205 ad
730 4144 812 4205 Aen.
834 4143 909 4221 Vll,
931 4143 1000 4207 158.
1053 4143 1188 4226 Dionys.
1216 4143 1319 4210 Halia.
1340 4146 1381 4207 Δ.
1403 4147 1441 4213 B.

201 4254 229 4334 1,
257 4250 315 4316 5³2
370 4248 589 4326 Τελευτῶντες
623 4245 661 4311 δὲ
693 4238 903 4336 ἀφικνοῦνται
936 4244 995 4334 τῆς
1021 4237 1155 4324 Ἰταλίας
1187 4243 1236 4324 εἰς
1260 4242 1440 4338 Λωρεντόν

203 4350 288 4422 ἔνθα
320 4355 378 4444 τῆς
398 4348 522 4446 πλάνης
541 4346 755 4438 παυσάμενοι,
782 4345 909 4444 χάρακα
930 4347 1055 4419 ἔθεντο·
1075 4353 1130 4420 καὶ
1150 4348 1189 4421 ad
1209 4355 1340 4447 χωρίον,
1360 4357 1395 4426 ἐν
1415 4352 1441 4447 ᾦ

201 4456 622 4554 κατεστρατοπεδεύσαντο,
648 4461 686 4546 ἐξ
714 4461 838 4530 ἐκείνου
871 4460 973 4549 Τροία
1001 4463 1164 4535 καλεῖταιε
1185 4457 1304 4548 ἀπέχει
1323 4467 1362 4534 δὲ
1383 4471 1440 4558 τῆς

198 4564 392 4663 deidonus:
405 4566 493 4662 ἀμφὶ
519 4563 606 4650 τούς.
623 4569 782 4658 τέτταρας
810 4567 973 4648 σταδίους.
997 4575 1344 4658 ¹Secundumdaivinm
1366 4584 1393 4665 1,
1411 4584 1437 4646 1.

205 4707 244 4752 ea
267 4705 404 4770 quoque,
429 4702 511 4767 quaa
531 4683 572 4745 ab
593 4684 759 4746 Antenora
777 4683 809 4744 in
828 4681 938 4744 intimo
959 4683 1056 4747 muris
1068 4682 1244 4748 Hadriatici
1264 4685 1437 4754 ainnoon·
1472 4666 1474 4751 i

203 4796 271 4858 dita
292 4803 351 4874 ost,
376 4792 491 4856 'l'roiao
511 4807 626 4853 nomon
642 4788 762 4852 habuit
782 4787 860 4849 Indo
877 4806 991 4853 nomon
999 4790 1171 4868 variorum,
1182 4810 1264 4874 qnae
1275 4795 1316 4860 ab
1327 4797 1435 4864 Aenea
