3000 5184
578 205 633 266 Dc
653 203 853 286 phalange
875 211 916 266 et
936 211 1116 268 caterva.

787 491 893 581 §.ee

578 650 637 704 lle
654 650 860 718 phalange
881 652 922 705 et
939 653 1113 708 ester-ua.

315 816 456 898 Vegetio
478 818 510 879 11
515 862 526 900 ,
548 818 578 884 2.
603 825 686 881 teste
707 819 941 900 „Macedones
974 817 1108 896 Graeci,
1129 822 1270 888 Dardani
1290 825 1471 908 phalanges

232 921 409 985 habuerunt
435 930 466 985 et
485 924 516 985 iu
538 942 601 987 una
622 925 782 1008 phalange
801 934 991 990 armatorum
1019 936 1093 991 octo
1126 930 1212 994 milia
1247 941 1468 1015 censuerunt«

232 1030 388 1108 Quamvis
409 1031 461 1094 hic
481 1031 649 1095 Dardanos
671 1033 787 1096 videas
810 1035 986 1097 nominatos
1006 1034 1248 1119 Vergiliumque
1267 1040 1365 1102 etiam
1385 1041 1469 1121 pha-

230 1142 326 1224 lange
345 1159 438 1203 usum
458 1140 566 1221 possis
587 1146 745 1204 auctorem
766 1138 862 1203 fidum
884 1148 918 1202 et
937 1151 1121 1208 accuratum
1149 1143 1328 1224 vindicare,
1363 1149 1470 1214 faten-

166 1249 170 1258 '
231 1249 450 1330 dunelmen,
478 1247 692 1311 Macedonum
721 1250 921 1329 potissimum
946 1249 1135 1334 phalangem
1163 1253 1280 1338 fuisse,
1307 1260 1404 1342 cuius
1426 1263 1469 1320 rei

232 1357 452 1421 documentum
483 1375 545 1420 non
579 1374 659 1438 opus
688 1365 738 1420 est
767 1365 802 1420 ut
829 1356 959 1420 Livium
988 1359 1067 1435 1x‚.
1087 1360 1136 1422 19.
1167 1361 1247 1424 alios
1274 1361 1468 1431 adferamus

232 1469 348 1552 Neque
373 1477 502 1550 poetam
532 1468 606 1531 inde
636 1486 791 1532 excusare
818 1469 850 1530 iu
879 1467 984 1531 animo
1013 1476 1080 1548 cet,
1118 1467 1201 1549 quod
1232 1469 1346 1534 eodem
1375 1473 1468 1534 Livio

232 1575 311 1638 v111
318 1620 329 1658 ,
357 1577 387 1642 8.
414 1585 543 1640 auctore
564 1574 778 1640 Romanorum
799 1576 889 1638 luere
909 1583 1029 1658 „autea
1049 1575 1227 1659 phalanges
1247 1577 1370 1640 similes
1390 1580 1467 1640 Ma-

48 1683 52 1692 “
145 1753 149 1762 ,
231 1685 404 1768 oedonieis,
426 1693 603 1765 —postea
623 1683 838 1764 manipulatim
858 1689 978 1746 structa
999 1682 1087 1746 acies
1110 1683 1214 1764 coepit
1235 1700 1309 1744 esse
1323 1686 1385 1727 —“
1409 1684 1466 1746 sed

230 1792 293 1854 hoc
314 1794 415 1856 sulum
441 1793 471 1854 ei
495 1791 718 1869 concedamus,
738 1802 774 1855 ut
795 1791 993 1855 diversorum
1015 1798 1156 1855 aetolum
1176 1791 1384 1874 gentiumque
1407 1812 1465 1874 ap·

229 1909 371 1984 paratum
392 1899 596 1981 ordinemque
617 1901 781 1963 militarem
809 1904 959 1964 carminis
981 1899 1113 1962 ornandi
1132 1899 1342 1982 variandique
1362 1906 1464 1987 gratia

233 2008 449 2090 adoptaverit..
500 2009 616 2090 Neque
636 2010 680 2072 ita
706 2027 822 2074 vocem
849 2010 933 2074 illam
965 2009 1103 2073 velimus
1130 2011 1292 2094 accipere,
1309 2067 1311 2071 .
1328 2023 1365 2074 ut
1393 2024 1464 2074 octo

233 2116 318 2180 milia
337 2135 358 2179 a
377 2125 472 2197 poeta
490 2115 676 2180 dinumerari
698 2127 890 2200 argutemur,
913 2119 973 2182 sed
995 2127 1031 2181 ut
1050 2118 1235 2200 simpliciter
1256 2119 1357 2184 eciem
1377 2129 1465 2181 stru·

232 2233 316 2288 ctam
344 2232 441 2308 atque
471 2223 623 2288 directam
651 2225 869 2306 intelligamus.
924 2225 975 2289 De
1010 2224 1116 2289 classo
1147 2227 1228 2289 adeo
1265 2226 1384 2290 dictum
1419 2234 1466 2288 est

232 2331 276 2418 11,
295 2332 372 2398 254:

315 2444 364 2504 Et
382 2446 446 2504 iam
466 2443 587 2520 Arpina
604 2442 797 2521 plclunae
816 2445 983 2510 instructis
1003 2444 1136 2503 uocibus
1156 2423 1228 2505 dot

232 2547 476 2632 Conspioiuntur
497 2549 580 2631 apud
601 2550 721 2612 inferos
742 2548 783 2612 ab
804 2545 917 2611 Aenea
939 2548 998 2628 Vl,
1019 2547 1097 2610 489:

373 2662 522 2724 Danaum
538 2677 689 2736 procerea
708 2654 1037 2736 Aquruemuouiaeque
1054 2655 1313 2738 phalanges„

233 2764 396 2831 Occiditur
416 2769 538 2831 Aeolus
559 2768 636 2848 xli,
658 2763 736 2827 544:

566 2874 707 2952 Argivae
727 2894 818 2955 quem
840 2892 905 2936 nou
921 2879 1053 2951 potuere
1070 2871 1310 2951 phalanges

317 2985 476 3048 Sternere.

234 3092 387 3157 Pallantis
409 3107 525 3172 corpus
547 3089 608 3170 xi,
629 3087 687 3153 922

600 3195 729 3259 Maesta
746 3197 938 3276 phuluuu
962 3196 1135 3276 Teucrique
1154 3203 1318 3256 secuntur.

144 3383 147 3390 Ι
229 3306 380 3390 Pugnant
399 3308 475 3391 xli,
496 3305 574 3368 551:

315 3416 548 3495 dioscorumque
564 3414 766 3495 phulace·
785 3413 996 3492 Euandrique
1016 3410 1162 3473 Arcades
1183 3412 1264 3474 clue.

170 3587 175 3592 ,
227 3524 401 3605 Messapus
425 3530 458 3586 et
477 3523 592 3587 Atinas
613 3527 715 3586 aciem
736 3530 929 3597 sustentant,
951 3519 1027 3600 xli,
1049 3518 1127 3581 662:

596 3633 725 3696 Circum
746 3634 806 3694 hoa
825 3635 984 3710 utrimque
999 3628 1229 3709 phalanges

308 3741 406 3803 Stant
427 3742 552 3802 dcuece·

229 3849 327 3911 immo
347 3850 546 3915 nominantur
567 3858 640 3911 octo
662 3850 776 3912 fratres
796 3850 870 3930 xli,
890 3846 970 3912 277:

519 3963 661 4020 animosa
679 3957 873 4037 phalanx
893 3975 1092 4037 mensaeque
1111 3956 1209 4019 luctu.

226 4091 270 4153 ita
293 4097 410 4153 utnon
431 4093 570 4172 numeri,
601 4087 659 4152 sed
687 4088 880 4153 fortitudinis
901 4093 1092 4172 virtutisque
1112 4107 1133 4150 a
1152 4096 1250 4170 poeta
1268 4088 1301 4150 in
1322 4091 1385 4154 hoc
1406 4108 1459 4152 vo·

225 4200 339 4262 cabulo
359 4200 539 4265 adhibendo
559 4204 714 4264 rationem
737 4201 877 4265 halitum
898 4218 973 4263 esse
993 4198 1171 4265 videamus.

325 4330 489 4414 Vegetius
511 4333 553 4414 11,
574 4333 611 4394 2:
636 4330 757 4414 „Galli
780 4333 890 4416 iuquit,
914 4341 1009 4416 atquc
1031 4331 1183 4396 celtiberi
1204 4333 1374 4416 pluresque
1391 4335 1457 4397 bar·

204 4433 354 4510 'haume
378 4437 523 4500 nationes
544 4439 686 4501 catervis
707 4439 879 4502 utebantur
899 4440 930 4502 iu
948 4439 1084 4521 proelio,
1105 4438 1137 4499 iu
1157 4436 1270 4519 quibus
1286 4451 1377 4504 erunt
1391 4459 1459 4504 sena

221 4545 306 4610 milia
334 4539 564 4609 armatorum.“
611 4545 660 4608 'l'u
689 4554 843 4627 nepotes
864 4557 991 4628 poetam
1013 4544 1173 4611 Gallicum
1195 4545 1270 4627 qnid
1295 4545 1458 4610 Celtiberi·

223 4669 337 4717 cumve
357 4655 392 4715 in
412 4651 518 4715 animo
538 4652 702 4734 habuisse,
725 4653 851 4737 quaudo
872 4654 1042 4737 Vll,80‹l:
1479 4646 1480 4657 ’

551 4741 810 4826 uurmta‘aere
832 4771 1046 4847 cateruas,
