3000 5184
384 256 440 318 lle
470 254 582 318 urbis
610 251 848 317 condendae
868 272 1008 319 more..
1251 255 1294 320 33

45 437 246 516 eruebantur,
277 447 328 499 est
357 435 596 500 defendendum.
638 437 765 502 Etenim
786 437 941 519 quumvis
956 441 1103 518 poetam
1123 437 1186 501 hae
1206 440 1293 503 urbis

43 547 193 608 recentis
218 546 424 628 dispositione
451 547 660 610 vehementer
686 547 856 610 violaverit
876 564 990 608 verum
1011 555 1185 627 temporum
1207 552 1292 612 snti-

43 671 185 732 quorum
205 655 362 738 hobitum,
391 664 531 719 attamen
553 675 593 718 eu
614 656 827 723 Romanorum
848 654 1000 717 delenivit
1021 673 1120 718 sensu
1141 664 1291 739 mentem,

44 778 113 839 quo
136 780 196 823 nos
217 781 344 843 quoque
377 762 557 836 adficimur,
592 762 716 845 quando
745 780 827 844 quae
857 762 918 841 ipsi
949 762 1121 843 sentimus,
1156 763 1292 846 agimus,
1364 784 1367 793 ·

42 870 244 952 cogitamus,
266 872 356 950 quasi
379 891 419 933 ex
440 872 547 933 intima
568 879 677 933 nostra
698 880 811 932 natura
832 879 921 951 rapta
943 871 1082 933 carmine
1103 871 1292 951 percipimus

43 995 152 1056 paene
175 976 214 1039 ad
240 979 347 1041 vivam
368 979 540 1062 imaginem
563 994 728 1058 expresse.
769 975 848 1038 lude
875 995 971 1058 quum
1003 995 1043 1042 ea
1063 979 1135 1040 locs
1157 978 1293 1058 popula·

44 1086 138 1146 ribus
161 1088 348 1165 nominaret,
370 1093 527 1170 tangeret,
548 1085 756 1170 significaret,
778 1085 892 1168 quibus
914 1085 1130 1150 lubentissime
1149 1104 1293 1149 commo-

43 1197 109 1254 rari
144 1194 309 1275 solebant,
346 1196 450 1258 omnia
477 1197 626 1278 clariora,
658 1195 831 1276 insigniora
856 1205 889 1257 et
908 1194 1131 1275 praesentiore
1151 1195 1293 1258 reddidit.

42 1299 237 1361 Nominavit
258 1321 335 1362 vero
356 1321 418 1364 nun
440 1302 543 1362 solum
565 1301 739 1374 theatrum,
769 1319 803 1364 v.
831 1318 865 1384 g.
886 1301 933 1382 V,
961 1302 1045 1380 282,
1079 1303 1131 1364 ubi
1159 1303 1290 1366 Aeneas

43 1405 163 1470 tendit:

129 1515 341 1579 Grumiusum
362 1523 397 1580 in
416 1539 586 1598 campum,
607 1540 699 1601 quem
720 1520 853 1580 collibus
874 1520 1014 1597 undique
1033 1521 1139 1579 eureis

132 1624 312 1701 Oinpedout
329 1601 438 1700 sileas,
459 1627 621 1706 mediaque
641 1629 676 1684 in
693 1625 776 1686 salle
798 1624 953 1684 theatri

130 1734 278 1795 Circus
300 1740 385 1814 erat,
419 1753 479 1812 quo
506 1753 543 1794 se
564 1733 672 1795 multis
693 1751 765 1793 eum
785 1730 911 1791 milibus
932 1730 1028 1790 ireres

130 1841 294 1902 consessu
314 1842 449 1902 medium
470 1841 544 1902 salis
562 1844 850 1916 exstructoque
869 1839 996 1899 resedit.

44 1982 78 2032 et
98 1976 219 2034 circum
242 1974 371 2054 longum
403 1973 443 2046 V,
473 1974 546 2037 551.
552 2015 564 2054 ,
595 1972 656 2035 sed
683 1980 791 2053 partes
812 1989 939 2054 quoque
958 1963 1128 2053 singulas,
1158 1974 1290 2050 primum

44 2079 228 2140 universam
251 2097 412 2140 caveam
436 2078 630 2160 ¹v111,635:

129 2186 200 2252 Nee
217 2187 332 2262 procui
350 2188 424 2247 isius
444 2188 576 2249 Remum
596 2194 628 2248 sl
647 2192 759 2264 rapias
778 2190 850 2246 siue
872 2203 959 2245 more
978 2183 1118 2247 Sabinas

131 2295 294 2358 Gonoessa
316 2314 461 2357 caueae
482 2298 607 2372 mopnr’s
628 2293 835 2358 Circensibus
856 2295 939 2352 netis

132 2402 320 2470 Addiderat.

46 2508 92 2588 V,
114 2507 194 2572 340:
272 2571 274 2578 ,

131 2617 197 2678 His
218 2625 317 2680 totum
339 2639 480 2682 essese
501 2638 684 2682 consessum
706 2621 848 2694 inperitis
869 2625 902 2678 et
920 2635 997 2678 orsv

132 2727 390 2802 Primumdum
412 2733 537 2806 muqnie
558 2727 668 2790 Salius
692 2727 883 2787 elamoribus
902 2725 1009 2802 inplet.

49 2859 102 2919 ubi
127 2881 185 2924 eru
214 2865 318 2936 primu
342 2869 470 2940 potrum
497 2864 566 2925 sine
595 2862 691 2925 dubio
720 2860 762 2923 ad
794 2860 891 2924 sedes
910 2866 1093 2922 senatorum
1117 2866 1151 2920 et
1172 2855 1289 2920 ordinis

49 2966 207 3045 equestris
233 2953 413 3045 primorias¹
429 2977 576 3048 spectant
604 2977 755 3050 reeteque
781 2987 803 3030 a
830 2967 948 3031 Servio
976 2974 1198 3046 comparantur
1219 2985 1291 3029 oum

48 3074 108 3136 illis
131 3075 292 3136 luvenalis
315 3077 382 3142 Sat.
404 3078 543 3154 11‚·147:
577 3078 744 3159 „omnibus
772 3077 813 3140 sd
833 3075 960 3159 podium
983 3070 1229 3158 spectantibus“
1250 3105 1291 3120 --

49 3183 163 3247 deinde
185 3202 351 3268 cuneos,
380 3186 411 3248 in
432 3197 512 3268 quos
532 3185 650 3269 gradun
668 3186 886 3254 ascendeutes
905 3188 1169 3260 secernebantur,
1207 3181 1289 3247 unde

50 3291 94 3371 V,
117 3293 196 3357 out:

130 3401 277 3462 Nuntius
297 3402 463 3464 Anchisae
481 3405 526 3464 ud
545 3403 700 3465 tumulum
721 3422 942 3484 cuneosque
960 3404 1118 3465 theatri

133 3510 292 3569 Incensus
309 3513 438 3588 perfert>
451 3515 545 3570 nnsis
564 3510 729 3572 Eumelus.

50 3623 81 3674 et
102 3614 180 3694 ΧΠ,
197 3613 269 3678 469.
290 3613 331 3676 de
352 3631 511 3678 consessu
532 3616 638 3697 populi
665 3615 822 3679 excitato:

137 3723 268 3784 Turbati
287 3729 412 3784 russei.

49 3872 237 3917 scaenam
261 3853 404 3936 denique.
448 3856 569 3935 Quodsi
591 3859 771 3920 memineris
793 3877 907 3920 versus
930 3861 962 3934 l,
983 3857 1053 3920 446
1074 3853 1169 3918 modo
1190 3855 1287 3936 allati,

49 3980 111 4043 quo
136 3963 298 4025 columnas
319 3969 352 4026 in
375 3963 549 4028 futurarum
566 3984 756 4029 scaenarum
778 3964 878 4029 decus
899 3968 1029 4028 excisas
1043 3963 1198 4045 audimus,
1211 3983 1285 4047 per·
1313 3985 1316 3988 ⁴
1391 3961 1394 3967 ’

49 4075 149 4156 cipies
170 4077 254 4136 illico
277 4095 340 4137 non
361 4094 431 4136 eam
453 4093 528 4137 esse
548 4075 661 4138 theatri
691 4083 830 4157 partem,
858 4093 920 4158 qna
948 4081 1077 4138 actores
1107 4073 1289 4158 loquuntur,

50 4190 166 4264 agunt,
196 4191 350 4266 aguntur,
380 4182 440 4245 sed
468 4191 590 4266 partem
617 4183 699 4246 illam
722 4184 819 4246 altam
841 4181 1075 4264 spectatoribus
1096 4184 1287 4264 oppositam,

51 4307 111 4370 qua
140 4307 195 4370 per
223 4288 418 4372 tragoediam
447 4289 635 4370 saepissime
653 4288 803 4369 templum
823 4287 1016 4369 palatiumve
1037 4288 1112 4351 altis
1134 4289 1288 4352 columnis

50 4403 116 4461 erat
138 4403 345 4459 exstructum.
387 4396 464 4459 lnde
485 4417 542 4478 per
563 4396 798 4460 translationem
817 4399 851 4473 l,
873 4396 948 4458 164:

390 4503 467 4566 ssim
487 4506 915 4566 siluisseueuacorusois
971 4524 974 4529 “

134 4615 290 4690 Desuper.

54 4707 171 4812 Verum
191 4744 258 4806 buc
279 4743 319 4808 ab
341 4742 484 4808 omnibus
505 4741 609 4807 adhuc
629 4723 853 4825 interpretibus
874 4739 1111 4807 refertoretiam
1126 4737 1186 4822 lv,
1200 4736 1282 4805 4712

102 4877 182 4920 tenth
194 4875 328 4930 suiquiutss
340 4874 480 4927 vespiliones·
1058 4853 1082 4917 2
