<?xml version="1.0" encoding="UTF-8"?>
<!DOCTYPE html PUBLIC "-//W3C//DTD XHTML 1.0 Transitional//EN"
    "http://www.w3.org/TR/xhtml1/DTD/xhtml1-transitional.dtd">
<html xmlns="http://www.w3.org/1999/xhtml" xml:lang="en" lang="en">
 <head>
  <title>
</title>
<meta http-equiv="Content-Type" content="text/html;charset=utf-8" />
  <meta name='ocr-system' content='tesseract 3.04.00' />
  <meta name='ocr-capabilities' content='ocr_page ocr_carea ocr_par ocr_line ocrx_word'/>
</head>
<body>
  <div class='ocr_page' id='page_1' title='image "./antiquitatesver01lersgoog_0235.png"; bbox 0 0 3000 5184; ppageno 0'>
   <div class='ocr_carea' id='block_1_1' title="bbox 376 155 1391 280">
    <p class='ocr_par' dir='ltr' id='par_1_1' title="bbox 376 155 1391 280">
     <span class='ocr_line' id='line_1_1' title="bbox 376 155 1391 280; baseline 0.006 -6"><span class='ocrx_word' id='word_1_1' title='bbox 376 200 473 274; x_wconf 61' lang='lat' dir='ltr'><strong>&#39;¹De</strong></span> <span class='ocrx_word' id='word_1_2' title='bbox 504 209 677 275; x_wconf 73' lang='lat' dir='ltr'><strong>sedibus</strong></span> <span class='ocrx_word' id='word_1_3' title='bbox 710 211 916 275; x_wconf 66' lang='lat' dir='ltr'><strong>Romanis.</strong></span> <span class='ocrx_word' id='word_1_4' title='bbox 1238 215 1298 280; x_wconf 78' lang='lat' dir='ltr'><strong>ast</strong></span> <span class='ocrx_word' id='word_1_5' title='bbox 1350 155 1391 224; x_wconf 44' lang='grc' dir='ltr'><strong>ὀ</strong></span> 
     </span>
    </p>
   </div>
   <div class='ocr_carea' id='block_1_2' title="bbox 49 393 1307 586">
    <p class='ocr_par' dir='ltr' id='par_1_2' title="bbox 49 393 1307 586">
     <span class='ocr_line' id='line_1_2' title="bbox 134 393 1307 476; baseline 0.007 -20"><span class='ocrx_word' id='word_1_6' title='bbox 134 395 197 457; x_wconf 82' lang='grc' dir='ltr'><strong>Ν.</strong></span> <span class='ocrx_word' id='word_1_7' title='bbox 220 393 473 465; x_wconf 66' lang='grc' dir='ltr'><strong>,θοΝτιΝιΝτιΑ</strong></span> <span class='ocrx_word' id='word_1_8' title='bbox 508 393 645 474; x_wconf 89' lang='lat' dir='ltr'><strong>denique</strong></span> <span class='ocrx_word' id='word_1_9' title='bbox 674 402 708 454; x_wconf 87' lang='lat' dir='ltr'><strong>et</strong></span> <span class='ocrx_word' id='word_1_10' title='bbox 748 395 779 456; x_wconf 92' lang='lat' dir='ltr'><strong>in</strong></span> <span class='ocrx_word' id='word_1_11' title='bbox 820 395 904 456; x_wconf 88' lang='lat' dir='ltr'><strong>omui</strong></span> <span class='ocrx_word' id='word_1_12' title='bbox 943 395 1010 456; x_wconf 85' lang='lat' dir='ltr'><strong>vita</strong></span> <span class='ocrx_word' id='word_1_13' title='bbox 1041 396 1232 476; x_wconf 74' lang='lat' dir='ltr'><strong>parsimonia</strong></span> <span class='ocrx_word' id='word_1_14' title='bbox 1266 420 1307 464; x_wconf 84' lang='lat' dir='ltr'><strong>ec</strong></span> 
     </span>
     <span class='ocr_line' id='line_1_3' title="bbox 49 501 1306 586; baseline 0.007 -24"><span class='ocrx_word' id='word_1_15' title='bbox 49 501 229 585; x_wconf 70' lang='lat' dir='ltr'><strong>frugalitas</strong></span> <span class='ocrx_word' id='word_1_16' title='bbox 250 501 423 564; x_wconf 86' lang='lat' dir='ltr'><strong>fortitudini</strong></span> <span class='ocrx_word' id='word_1_17' title='bbox 444 504 613 567; x_wconf 85' lang='lat' dir='ltr'><strong>coniuncta</strong></span> <span class='ocrx_word' id='word_1_18' title='bbox 634 523 710 565; x_wconf 85' lang='lat' dir='ltr'><strong>esse</strong></span> <span class='ocrx_word' id='word_1_19' title='bbox 731 504 865 582; x_wconf 87' lang='lat' dir='ltr'><strong>dicitur,</strong></span> <span class='ocrx_word' id='word_1_20' title='bbox 895 523 988 586; x_wconf 82' lang='lat' dir='ltr'><strong>quem</strong></span> <span class='ocrx_word' id='word_1_21' title='bbox 1011 505 1133 586; x_wconf 88' lang='lat' dir='ltr'><strong>quidem</strong></span> <span class='ocrx_word' id='word_1_22' title='bbox 1156 528 1219 568; x_wconf 91' lang='lat' dir='ltr'><strong>non</strong></span> <span class='ocrx_word' id='word_1_23' title='bbox 1240 523 1306 572; x_wconf 81' lang='lat' dir='ltr'><strong>tem</strong></span> 
     </span>
    </p>
   </div>
   <div class='ocr_carea' id='block_1_3' title="bbox 49 611 1418 696">
    <p class='ocr_par' dir='ltr' id='par_1_3' title="bbox 49 611 1418 696">
     <span class='ocr_line' id='line_1_4' title="bbox 49 611 1418 696; baseline 0.005 -26"><span class='ocrx_word' id='word_1_24' title='bbox 49 612 111 672; x_wconf 87' lang='lat' dir='ltr'><strong>illis</strong></span> <span class='ocrx_word' id='word_1_25' title='bbox 135 611 275 674; x_wconf 87' lang='lat' dir='ltr'><strong>advenis</strong></span> <span class='ocrx_word' id='word_1_26' title='bbox 295 611 498 695; x_wconf 80' lang='lat' dir='ltr'>Phrygibus,</span> <span class='ocrx_word' id='word_1_27' title='bbox 522 632 614 695; x_wconf 92' lang='lat' dir='ltr'><strong>quam</strong></span> <span class='ocrx_word' id='word_1_28' title='bbox 636 614 727 676; x_wconf 86' lang='lat' dir='ltr'><strong>italis</strong></span> <span class='ocrx_word' id='word_1_29' title='bbox 747 615 824 694; x_wconf 88' lang='lat' dir='ltr'><strong>ipsis</strong></span> <span class='ocrx_word' id='word_1_30' title='bbox 846 615 975 690; x_wconf 91' lang='lat' dir='ltr'><strong>tribuit,</strong></span> <span class='ocrx_word' id='word_1_31' title='bbox 996 633 1125 696; x_wconf 88' lang='lat' dir='ltr'><strong>querum</strong></span> <span class='ocrx_word' id='word_1_32' title='bbox 1148 614 1210 694; x_wconf 86' lang='lat' dir='ltr'><strong>lX,</strong></span> <span class='ocrx_word' id='word_1_33' title='bbox 1231 615 1303 676; x_wconf 75' lang='lat'>60⁷.</span> <span class='ocrx_word' id='word_1_34' title='bbox 1411 655 1418 664; x_wconf 35' lang='lat' dir='ltr'>x</span> 
     </span>
    </p>
   </div>
   <div class='ocr_carea' id='block_1_4' title="bbox 47 719 1307 1332">
    <p class='ocr_par' dir='ltr' id='par_1_4' title="bbox 47 719 1307 1332">
     <span class='ocr_line' id='line_1_5' title="bbox 47 719 1300 805; baseline 0.006 -25"><span class='ocrx_word' id='word_1_35' title='bbox 47 740 154 798; x_wconf 83' lang='lat' dir='ltr'><strong>peren</strong></span> <span class='ocrx_word' id='word_1_36' title='bbox 176 723 309 781; x_wconf 75' lang='lat' dir='ltr'><strong>adsueto</strong></span> <span class='ocrx_word' id='word_1_37' title='bbox 328 724 493 798; x_wconf 66' lang='lat' dir='ltr'><strong>memes,</strong></span> <span class='ocrx_word' id='word_1_38' title='bbox 515 721 564 780; x_wconf 86' lang='lat' dir='ltr'><strong>cui</strong></span> <span class='ocrx_word' id='word_1_39' title='bbox 587 730 788 800; x_wconf 72' lang='lat' dir='ltr'><strong>comparetur</strong></span> <span class='ocrx_word' id='word_1_40' title='bbox 807 726 981 802; x_wconf 76' lang='lat' dir='ltr'><strong>agrestium</strong></span> <span class='ocrx_word' id='word_1_41' title='bbox 1005 719 1125 805; x_wconf 81' lang='lat' dir='ltr'><strong>Georg.</strong></span> <span class='ocrx_word' id='word_1_42' title='bbox 1149 724 1195 804; x_wconf 89' lang='lat'><strong>11,</strong></span> <span class='ocrx_word' id='word_1_43' title='bbox 1224 723 1300 787; x_wconf 71' lang='lat'><strong>472:</strong></span> 
     </span>
     <span class='ocr_line' id='line_1_6' title="bbox 139 821 1015 907; baseline 0.005 -21"><span class='ocrx_word' id='word_1_44' title='bbox 139 827 191 886; x_wconf 76' lang='lat' dir='ltr'><strong>Et</strong></span> <span class='ocrx_word' id='word_1_45' title='bbox 206 821 334 902; x_wconf 72' lang='lat' dir='ltr'><strong>pelices</strong></span> <span class='ocrx_word' id='word_1_46' title='bbox 354 845 483 904; x_wconf 81' lang='lat' dir='ltr'><strong>operum</strong></span> <span class='ocrx_word' id='word_1_47' title='bbox 505 831 685 907; x_wconf 67' lang='lat' dir='ltr'><strong>seipsoque</strong></span> <span class='ocrx_word' id='word_1_48' title='bbox 705 829 838 888; x_wconf 73' lang='lat' dir='ltr'><strong>adsueta</strong></span> <span class='ocrx_word' id='word_1_49' title='bbox 859 832 1015 890; x_wconf 81' lang='lat' dir='ltr'><strong>iuventus.</strong></span> 
     </span>
     <span class='ocr_line' id='line_1_7' title="bbox 49 922 1307 1014; baseline 0.006 -21"><span class='ocrx_word' id='word_1_50' title='bbox 49 932 246 994; x_wconf 86' lang='lat' dir='ltr'><strong>Detestatur</strong></span> <span class='ocrx_word' id='word_1_51' title='bbox 266 940 361 1014; x_wconf 87' lang='lat' dir='ltr'><strong>poeta</strong></span> <span class='ocrx_word' id='word_1_52' title='bbox 382 922 448 1014; x_wconf 81' lang='lat'><strong>111¹,</strong></span> <span class='ocrx_word' id='word_1_53' title='bbox 470 931 521 995; x_wconf 78' lang='lat'><strong>5⁷.</strong></span> <span class='ocrx_word' id='word_1_54' title='bbox 542 938 617 994; x_wconf 83' lang='lat' dir='ltr'><strong>euri</strong></span> <span class='ocrx_word' id='word_1_55' title='bbox 635 953 767 1009; x_wconf 71' lang='lat' dir='ltr'><strong>semrom¹</strong></span> <span class='ocrx_word' id='word_1_56' title='bbox 779 937 906 1014; x_wconf 79' lang='lat' dir='ltr'><strong>femere.</strong></span> <span class='ocrx_word' id='word_1_57' title='bbox 949 937 1030 999; x_wconf 82' lang='lat' dir='ltr'><strong>Post</strong></span> <span class='ocrx_word' id='word_1_58' title='bbox 1051 954 1169 1000; x_wconf 80' lang='lat' dir='ltr'><strong>aevum</strong></span> <span class='ocrx_word' id='word_1_59' title='bbox 1192 937 1307 1000; x_wconf 88' lang='lat' dir='ltr'><strong>Satur·</strong></span> 
     </span>
     <span class='ocr_line' id='line_1_8' title="bbox 52 1039 360 1115; baseline 0.006 -14"><span class='ocrx_word' id='word_1_60' title='bbox 52 1043 143 1102; x_wconf 90' lang='lat' dir='ltr'><strong>nium</strong></span> <span class='ocrx_word' id='word_1_61' title='bbox 168 1041 259 1115; x_wconf 82' lang='lat' dir='ltr'><strong>Vnt,</strong></span> <span class='ocrx_word' id='word_1_62' title='bbox 279 1039 360 1103; x_wconf 72' lang='lat'><strong>3272</strong></span> 
     </span>
     <span class='ocr_line' id='line_1_9' title="bbox 139 1149 975 1214; baseline -0.004 -4"><span class='ocrx_word' id='word_1_63' title='bbox 139 1150 192 1210; x_wconf 73' lang='lat' dir='ltr'><strong>Et</strong></span> <span class='ocrx_word' id='word_1_64' title='bbox 214 1149 290 1208; x_wconf 80' lang='lat' dir='ltr'><strong>belli</strong></span> <span class='ocrx_word' id='word_1_65' title='bbox 308 1149 412 1208; x_wconf 84' lang='lat' dir='ltr'><strong>rabies</strong></span> <span class='ocrx_word' id='word_1_66' title='bbox 433 1154 467 1208; x_wconf 86' lang='lat' dir='ltr'><strong>et</strong></span> <span class='ocrx_word' id='word_1_67' title='bbox 485 1167 590 1208; x_wconf 86' lang='lat' dir='ltr'><strong>emer</strong></span> <span class='ocrx_word' id='word_1_68' title='bbox 610 1153 769 1210; x_wconf 81' lang='lat' dir='ltr'><strong>succeseit</strong></span> <span class='ocrx_word' id='word_1_69' title='bbox 787 1150 975 1214; x_wconf 77' lang='lat' dir='ltr'><strong>debendi.</strong></span> 
     </span>
     <span class='ocr_line' id='line_1_10' title="bbox 51 1256 749 1332; baseline -0.003 -12"><span class='ocrx_word' id='word_1_70' title='bbox 51 1257 213 1320; x_wconf 78' lang='lat' dir='ltr'><strong>Evander</strong></span> <span class='ocrx_word' id='word_1_71' title='bbox 233 1259 376 1318; x_wconf 82' lang='lat' dir='ltr'><strong>Aeneam</strong></span> <span class='ocrx_word' id='word_1_72' title='bbox 397 1256 538 1316; x_wconf 87' lang='lat' dir='ltr'><strong>bortatur</strong></span> <span class='ocrx_word' id='word_1_73' title='bbox 565 1257 652 1332; x_wconf 81' lang='lat' dir='ltr'><strong>viti,</strong></span> <span class='ocrx_word' id='word_1_74' title='bbox 673 1257 749 1320; x_wconf 71' lang='lat'><strong>364:</strong></span> 
     </span>
    </p>
   </div>
   <div class='ocr_carea' id='block_1_5' title="bbox 52 1373 1310 2212">
    <p class='ocr_par' dir='ltr' id='par_1_5' title="bbox 141 1373 1122 1455">
     <span class='ocr_line' id='line_1_11' title="bbox 141 1373 1122 1455; baseline -0.002 -22"><span class='ocrx_word' id='word_1_75' title='bbox 141 1373 248 1453; x_wconf 80' lang='lat' dir='ltr'><strong>Aede,</strong></span> <span class='ocrx_word' id='word_1_76' title='bbox 268 1373 397 1447; x_wconf 78' lang='lat' dir='ltr'><strong>boepee,</strong></span> <span class='ocrx_word' id='word_1_77' title='bbox 420 1379 617 1432; x_wconf 79' lang='lat' dir='ltr'><em>contemnere</em></span> <span class='ocrx_word' id='word_1_78' title='bbox 637 1394 723 1455; x_wconf 82' lang='lat' dir='ltr'><strong>opes,</strong></span> <span class='ocrx_word' id='word_1_79' title='bbox 744 1381 778 1434; x_wconf 82' lang='lat' dir='ltr'><strong>ct</strong></span> <span class='ocrx_word' id='word_1_80' title='bbox 796 1381 826 1434; x_wconf 84' lang='lat' dir='ltr'><strong>te</strong></span> <span class='ocrx_word' id='word_1_81' title='bbox 847 1393 969 1454; x_wconf 80' lang='lat' dir='ltr'><strong>quoque</strong></span> <span class='ocrx_word' id='word_1_82' title='bbox 991 1375 1122 1448; x_wconf 69' lang='lat' dir='ltr'><strong>elipeum</strong></span> 
     </span>
    </p>

    <p class='ocr_par' dir='ltr' id='par_1_6' title="bbox 52 1479 1308 1886">
     <span class='ocr_line' id='line_1_12' title="bbox 141 1479 944 1562; baseline 0.002 -23"><span class='ocrx_word' id='word_1_83' title='bbox 141 1479 248 1556; x_wconf 74' lang='lat' dir='ltr'><strong>Finqe</strong></span> <span class='ocrx_word' id='word_1_84' title='bbox 268 1481 334 1554; x_wconf 84' lang='lat' dir='ltr'><strong>dee,</strong></span> <span class='ocrx_word' id='word_1_85' title='bbox 355 1480 511 1556; x_wconf 74' lang='lat' dir='ltr'><strong>rebusque</strong></span> <span class='ocrx_word' id='word_1_86' title='bbox 527 1483 603 1562; x_wconf 18' lang='lat' dir='ltr'><strong>neerei</strong></span> <span class='ocrx_word' id='word_1_87' title='bbox 622 1497 688 1539; x_wconf 83' lang='lat' dir='ltr'><strong>noe</strong></span> <span class='ocrx_word' id='word_1_88' title='bbox 709 1501 806 1557; x_wconf 82' lang='lat' dir='ltr'><strong>ceper</strong></span> <span class='ocrx_word' id='word_1_89' title='bbox 827 1485 944 1556; x_wconf 73' lang='lat' dir='ltr'><strong>cycnis.</strong></span> 
     </span>
     <span class='ocr_line' id='line_1_13' title="bbox 52 1582 1308 1670; baseline 0.002 -21"><span class='ocrx_word' id='word_1_90' title='bbox 52 1589 160 1649; x_wconf 80' lang='lat' dir='ltr'><strong>Amat</strong></span> <span class='ocrx_word' id='word_1_91' title='bbox 187 1594 297 1666; x_wconf 91' lang='lat' dir='ltr'><strong>poeta,</strong></span> <span class='ocrx_word' id='word_1_92' title='bbox 322 1594 354 1644; x_wconf 89' lang='lat' dir='ltr'><strong>ut</strong></span> <span class='ocrx_word' id='word_1_93' title='bbox 377 1585 464 1645; x_wconf 89' lang='lat' dir='ltr'><strong>brevi</strong></span> <span class='ocrx_word' id='word_1_94' title='bbox 487 1582 598 1655; x_wconf 84' lang='lat' dir='ltr'><strong>dicem,</strong></span> <span class='ocrx_word' id='word_1_95' title='bbox 624 1585 796 1667; x_wconf 81' lang='lat' dir='ltr'><strong>simplicem</strong></span> <span class='ocrx_word' id='word_1_96' title='bbox 821 1586 943 1648; x_wconf 86' lang='lat' dir='ltr'><strong>cultum</strong></span> <span class='ocrx_word' id='word_1_97' title='bbox 965 1586 1150 1670; x_wconf 89' lang='lat' dir='ltr'><strong>victumque</strong></span> <span class='ocrx_word' id='word_1_98' title='bbox 1172 1609 1308 1668; x_wconf 86' lang='lat' dir='ltr'><strong>narrare,</strong></span> 
     </span>
     <span class='ocr_line' id='line_1_14' title="bbox 54 1695 1305 1778; baseline 0 -16"><span class='ocrx_word' id='word_1_99' title='bbox 54 1712 91 1762; x_wconf 91' lang='lat' dir='ltr'><strong>ut</strong></span> <span class='ocrx_word' id='word_1_100' title='bbox 117 1700 151 1761; x_wconf 91' lang='lat' dir='ltr'><strong>in</strong></span> <span class='ocrx_word' id='word_1_101' title='bbox 173 1697 318 1778; x_wconf 77' lang='lat' dir='ltr'><strong>Idologis,</strong></span> <span class='ocrx_word' id='word_1_102' title='bbox 344 1699 374 1756; x_wconf 90' lang='lat' dir='ltr'><strong>io</strong></span> <span class='ocrx_word' id='word_1_103' title='bbox 395 1696 531 1774; x_wconf 84' lang='lat' dir='ltr'><strong>Moretu,</strong></span> <span class='ocrx_word' id='word_1_104' title='bbox 556 1697 586 1756; x_wconf 90' lang='lat' dir='ltr'><strong>in</strong></span> <span class='ocrx_word' id='word_1_105' title='bbox 609 1696 660 1757; x_wconf 93' lang='lat' dir='ltr'><strong>illo</strong></span> <span class='ocrx_word' id='word_1_106' title='bbox 681 1697 721 1758; x_wconf 90' lang='lat' dir='ltr'><strong>de</strong></span> <span class='ocrx_word' id='word_1_107' title='bbox 739 1695 890 1761; x_wconf 74' lang='lat' dir='ltr'><strong>Evandro</strong></span> <span class='ocrx_word' id='word_1_108' title='bbox 921 1700 1002 1759; x_wconf 89' lang='lat' dir='ltr'><strong>loeo.</strong></span> <span class='ocrx_word' id='word_1_109' title='bbox 1046 1702 1178 1764; x_wconf 85' lang='lat' dir='ltr'><strong>Aeneae</strong></span> <span class='ocrx_word' id='word_1_110' title='bbox 1199 1710 1305 1763; x_wconf 90' lang='lat' dir='ltr'><strong>autem</strong></span> 
     </span>
     <span class='ocr_line' id='line_1_15' title="bbox 55 1802 749 1886; baseline -0.003 -18"><span class='ocrx_word' id='word_1_111' title='bbox 55 1807 166 1871; x_wconf 86' lang='lat' dir='ltr'><strong>omnia</strong></span> <span class='ocrx_word' id='word_1_112' title='bbox 187 1802 353 1885; x_wconf 88' lang='lat' dir='ltr'><strong>splendida</strong></span> <span class='ocrx_word' id='word_1_113' title='bbox 374 1822 414 1866; x_wconf 81' lang='lat' dir='ltr'><strong>ec</strong></span> <span class='ocrx_word' id='word_1_114' title='bbox 438 1803 608 1886; x_wconf 81' lang='lat' dir='ltr'><strong>magnilica</strong></span> <span class='ocrx_word' id='word_1_115' title='bbox 630 1805 749 1866; x_wconf 82' lang='lat' dir='ltr'><strong>tribuit.</strong></span> 
     </span>
    </p>

    <p class='ocr_par' dir='ltr' id='par_1_7' title="bbox 56 1911 1310 2212">
     <span class='ocr_line' id='line_1_16' title="bbox 145 1911 1310 1998; baseline 0 -22"><span class='ocrx_word' id='word_1_116' title='bbox 145 1911 281 1976; x_wconf 86' lang='lat' dir='ltr'><strong>Omnino</strong></span> <span class='ocrx_word' id='word_1_117' title='bbox 307 1921 403 1992; x_wconf 88' lang='lat' dir='ltr'><strong>poeta</strong></span> <span class='ocrx_word' id='word_1_118' title='bbox 436 1912 466 1973; x_wconf 91' lang='lat' dir='ltr'><strong>in</strong></span> <span class='ocrx_word' id='word_1_119' title='bbox 489 1913 537 1973; x_wconf 89' lang='lat' dir='ltr'><strong>bis</strong></span> <span class='ocrx_word' id='word_1_120' title='bbox 567 1915 740 1975; x_wconf 87' lang='lat' dir='ltr'><strong>virtutibus</strong></span> <span class='ocrx_word' id='word_1_121' title='bbox 772 1914 960 1996; x_wconf 78' lang='lat' dir='ltr'><strong>adoptandis</strong></span> <span class='ocrx_word' id='word_1_122' title='bbox 990 1917 1131 1980; x_wconf 89' lang='lat' dir='ltr'><strong>Stoicam</strong></span> <span class='ocrx_word' id='word_1_123' title='bbox 1153 1914 1310 1998; x_wconf 85' lang='lat' dir='ltr'><strong>quandam</strong></span> 
     </span>
     <span class='ocr_line' id='line_1_17' title="bbox 56 2019 1308 2107; baseline 0 -25"><span class='ocrx_word' id='word_1_124' title='bbox 56 2023 113 2083; x_wconf 88' lang='lat' dir='ltr'><strong>vel</strong></span> <span class='ocrx_word' id='word_1_125' title='bbox 135 2021 314 2084; x_wconf 79' lang='lat' dir='ltr'><strong>Romanam</strong></span> <span class='ocrx_word' id='word_1_126' title='bbox 344 2021 449 2100; x_wconf 89' lang='lat' dir='ltr'><strong>potius</strong></span> <span class='ocrx_word' id='word_1_127' title='bbox 481 2019 616 2084; x_wconf 78' lang='lat' dir='ltr'><strong>indolem</strong></span> <span class='ocrx_word' id='word_1_128' title='bbox 646 2034 791 2086; x_wconf 88' lang='lat' dir='ltr'><strong>sectatus</strong></span> <span class='ocrx_word' id='word_1_129' title='bbox 829 2033 895 2097; x_wconf 85' lang='lat' dir='ltr'><strong>est,</strong></span> <span class='ocrx_word' id='word_1_130' title='bbox 931 2027 961 2086; x_wconf 91' lang='lat' dir='ltr'><strong>in</strong></span> <span class='ocrx_word' id='word_1_131' title='bbox 997 2045 1201 2107; x_wconf 85' lang='lat' dir='ltr'><strong>personarum</strong></span> <span class='ocrx_word' id='word_1_132' title='bbox 1230 2042 1308 2084; x_wconf 84' lang='lat' dir='ltr'><strong>vero</strong></span> 
     </span>
     <span class='ocr_line' id='line_1_18' title="bbox 56 2125 1068 2212; baseline 0.007 -23"><span class='ocrx_word' id='word_1_133' title='bbox 56 2129 166 2191; x_wconf 82' lang='lat' dir='ltr'><strong>indole</strong></span> <span class='ocrx_word' id='word_1_134' title='bbox 187 2129 393 2211; x_wconf 83' lang='lat' dir='ltr'><strong>exprimenda</strong></span> <span class='ocrx_word' id='word_1_135' title='bbox 416 2131 520 2191; x_wconf 89' lang='lat' dir='ltr'><strong>miuus</strong></span> <span class='ocrx_word' id='word_1_136' title='bbox 548 2150 702 2212; x_wconf 88' lang='lat' dir='ltr'><strong>prospero</strong></span> <span class='ocrx_word' id='word_1_137' title='bbox 726 2125 883 2196; x_wconf 86' lang='lat' dir='ltr'><strong>successu</strong></span> <span class='ocrx_word' id='word_1_138' title='bbox 906 2151 984 2195; x_wconf 89' lang='lat' dir='ltr'><strong>usus</strong></span> <span class='ocrx_word' id='word_1_139' title='bbox 1006 2142 1068 2196; x_wconf 87' lang='lat' dir='ltr'><strong>est.</strong></span> 
     </span>
    </p>
   </div>
   <div class='ocr_carea' id='block_1_6' title="bbox 573 2357 747 2444">
    <p class='ocr_par' dir='ltr' id='par_1_8' title="bbox 573 2357 747 2444">
     <span class='ocr_line' id='line_1_19' title="bbox 573 2357 747 2444; baseline -0.006 -22"><span class='ocrx_word' id='word_1_140' title='bbox 573 2434 577 2440; x_wconf 14' lang='lat'><em>⁴</em></span> <span class='ocrx_word' id='word_1_141' title='bbox 640 2357 673 2444; x_wconf 71' lang='lat' dir='ltr'><strong>q.</strong></span> <span class='ocrx_word' id='word_1_142' title='bbox 697 2360 747 2423; x_wconf 80' lang='lat' dir='ltr'><strong>re.</strong></span> 
     </span>
    </p>
   </div>
   <div class='ocr_carea' id='block_1_7' title="bbox 46 2680 1397 3953">
    <p class='ocr_par' dir='ltr' id='par_1_9' title="bbox 46 2680 1397 3953">
     <span class='ocr_line' id='line_1_20' title="bbox 95 2680 1308 2772; baseline -0.005 -26"><span class='ocrx_word' id='word_1_143' title='bbox 95 2739 99 2746; x_wconf 86' lang='lat'>.</span> <span class='ocrx_word' id='word_1_144' title='bbox 148 2683 286 2747; x_wconf 82' lang='lat' dir='ltr'><strong>Aedium</strong></span> <span class='ocrx_word' id='word_1_145' title='bbox 320 2689 513 2772; x_wconf 85' lang='lat' dir='ltr'><strong>privatarum</strong></span> <span class='ocrx_word' id='word_1_146' title='bbox 540 2705 595 2766; x_wconf 89' lang='lat' dir='ltr'><strong>per</strong></span> <span class='ocrx_word' id='word_1_147' title='bbox 619 2683 794 2746; x_wconf 76' lang='lat' dir='ltr'><strong>Aeneidem</strong></span> <span class='ocrx_word' id='word_1_148' title='bbox 817 2682 1149 2762; x_wconf 81' lang='lat' dir='ltr'><strong>conformationeque</strong></span> <span class='ocrx_word' id='word_1_149' title='bbox 1172 2701 1212 2742; x_wconf 86' lang='lat' dir='ltr'><strong>ex</strong></span> <span class='ocrx_word' id='word_1_150' title='bbox 1237 2680 1308 2741; x_wconf 82' lang='lat' dir='ltr'><strong>llo-</strong></span> 
     </span>
     <span class='ocr_line' id='line_1_21' title="bbox 62 2783 1308 2870; baseline -0.006 -16"><span class='ocrx_word' id='word_1_151' title='bbox 62 2793 508 2856; x_wconf 86' lang='lat' dir='ltr'><strong>mericarminibrsderivata</strong></span> <span class='ocrx_word' id='word_1_152' title='bbox 529 2809 604 2852; x_wconf 86' lang='lat' dir='ltr'><strong>esse</strong></span> <span class='ocrx_word' id='word_1_153' title='bbox 625 2798 749 2870; x_wconf 86' lang='lat' dir='ltr'><strong>petest,</strong></span> <span class='ocrx_word' id='word_1_154' title='bbox 769 2791 882 2870; x_wconf 89' lang='lat' dir='ltr'><strong>quippe</strong></span> <span class='ocrx_word' id='word_1_155' title='bbox 903 2807 985 2870; x_wconf 90' lang='lat' dir='ltr'><strong>quae</strong></span> <span class='ocrx_word' id='word_1_156' title='bbox 1007 2806 1069 2848; x_wconf 91' lang='lat' dir='ltr'><strong>non</strong></span> <span class='ocrx_word' id='word_1_157' title='bbox 1091 2794 1154 2846; x_wconf 91' lang='lat' dir='ltr'><strong>tam</strong></span> <span class='ocrx_word' id='word_1_158' title='bbox 1172 2783 1308 2848; x_wconf 88' lang='lat' dir='ltr'><strong>dilucida</strong></span> 
     </span>
     <span class='ocr_line' id='line_1_22' title="bbox 63 2893 1313 2980; baseline -0.002 -20"><span class='ocrx_word' id='word_1_159' title='bbox 63 2902 271 2980; x_wconf 80' lang='lat' dir='ltr'><strong>expositione</strong></span> <span class='ocrx_word' id='word_1_160' title='bbox 294 2920 350 2962; x_wconf 89' lang='lat' dir='ltr'><strong>eas</strong></span> <span class='ocrx_word' id='word_1_161' title='bbox 374 2900 571 2974; x_wconf 85' lang='lat' dir='ltr'><strong>describant,</strong></span> <span class='ocrx_word' id='word_1_162' title='bbox 609 2908 646 2961; x_wconf 87' lang='lat' dir='ltr'><strong>ut</strong></span> <span class='ocrx_word' id='word_1_163' title='bbox 672 2900 843 2979; x_wconf 81' lang='lat' dir='ltr'><strong>imaginem</strong></span> <span class='ocrx_word' id='word_1_164' title='bbox 876 2898 1037 2978; x_wconf 85' lang='lat' dir='ltr'><strong>expressis</strong></span> <span class='ocrx_word' id='word_1_165' title='bbox 1065 2896 1155 2957; x_wconf 87' lang='lat' dir='ltr'><strong>lineis</strong></span> <span class='ocrx_word' id='word_1_166' title='bbox 1187 2893 1313 2958; x_wconf 80' lang='lat' dir='ltr'><strong>ductam</strong></span> 
     </span>
     <span class='ocr_line' id='line_1_23' title="bbox 61 3006 1310 3088; baseline 0 -20"><span class='ocrx_word' id='word_1_167' title='bbox 61 3012 172 3069; x_wconf 90' lang='lat' dir='ltr'><strong>auimo</strong></span> <span class='ocrx_word' id='word_1_168' title='bbox 201 3011 325 3088; x_wconf 87' lang='lat' dir='ltr'><strong>concipi</strong></span> <span class='ocrx_word' id='word_1_169' title='bbox 351 3012 463 3086; x_wconf 87' lang='lat' dir='ltr'><strong>liceat,</strong></span> <span class='ocrx_word' id='word_1_170' title='bbox 498 3029 643 3087; x_wconf 81' lang='lat' dir='ltr'><strong>nequeo</strong></span> <span class='ocrx_word' id='word_1_171' title='bbox 674 3007 872 3072; x_wconf 78' lang='lat' dir='ltr'><strong>Graecorum</strong></span> <span class='ocrx_word' id='word_1_172' title='bbox 895 3006 988 3068; x_wconf 91' lang='lat' dir='ltr'><strong>deme</strong></span> <span class='ocrx_word' id='word_1_173' title='bbox 1009 3007 1195 3086; x_wconf 87' lang='lat' dir='ltr'><strong>posterioris</strong></span> <span class='ocrx_word' id='word_1_174' title='bbox 1226 3014 1310 3068; x_wconf 91' lang='lat' dir='ltr'><strong>tem-</strong></span> 
     </span>
     <span class='ocr_line' id='line_1_24' title="bbox 62 3115 1313 3202; baseline -0.004 -24"><span class='ocrx_word' id='word_1_175' title='bbox 62 3121 164 3198; x_wconf 85' lang='lat' dir='ltr'><strong>poris,</strong></span> <span class='ocrx_word' id='word_1_176' title='bbox 189 3119 278 3180; x_wconf 89' lang='lat' dir='ltr'><strong>cuius</strong></span> <span class='ocrx_word' id='word_1_177' title='bbox 300 3123 385 3182; x_wconf 82' lang='lat' dir='ltr'><strong>nulla</strong></span> <span class='ocrx_word' id='word_1_178' title='bbox 406 3119 630 3200; x_wconf 88' lang='lat' dir='ltr'><strong>conspicienda</strong></span> <span class='ocrx_word' id='word_1_179' title='bbox 651 3128 725 3180; x_wconf 89' lang='lat' dir='ltr'><strong>sunt</strong></span> <span class='ocrx_word' id='word_1_180' title='bbox 744 3120 897 3202; x_wconf 82' lang='lat' dir='ltr'><strong>vestigia.</strong></span> <span class='ocrx_word' id='word_1_181' title='bbox 929 3116 1011 3195; x_wconf 81' lang='lat' dir='ltr'><strong>Quid</strong></span> <span class='ocrx_word' id='word_1_182' title='bbox 1036 3115 1200 3178; x_wconf 83' lang='lat' dir='ltr'><strong>verereri</strong></span> <span class='ocrx_word' id='word_1_183' title='bbox 1223 3115 1313 3175; x_wconf 89' lang='lat' dir='ltr'><strong>simi·</strong></span> 
     </span>
     <span class='ocr_line' id='line_1_25' title="bbox 62 3207 1311 3309; baseline 0 -24"><span class='ocrx_word' id='word_1_184' title='bbox 62 3207 145 3306; x_wconf 77' lang='lat' dir='ltr'><strong>lius,</strong></span> <span class='ocrx_word' id='word_1_185' title='bbox 179 3243 275 3307; x_wconf 89' lang='lat' dir='ltr'><strong>quam</strong></span> <span class='ocrx_word' id='word_1_186' title='bbox 304 3237 419 3309; x_wconf 81' lang='lat' dir='ltr'><strong>poetae</strong></span> <span class='ocrx_word' id='word_1_187' title='bbox 441 3231 538 3290; x_wconf 90' lang='lat' dir='ltr'><strong>menti</strong></span> <span class='ocrx_word' id='word_1_188' title='bbox 558 3228 737 3291; x_wconf 80' lang='lat' dir='ltr'><strong>habitacula</strong></span> <span class='ocrx_word' id='word_1_189' title='bbox 760 3237 791 3289; x_wconf 88' lang='lat' dir='ltr'><strong>et</strong></span> <span class='ocrx_word' id='word_1_190' title='bbox 815 3229 960 3289; x_wconf 85' lang='lat' dir='ltr'><strong>cubicula</strong></span> <span class='ocrx_word' id='word_1_191' title='bbox 984 3246 1043 3302; x_wconf 89' lang='lat' dir='ltr'><strong>ea,</strong></span> <span class='ocrx_word' id='word_1_192' title='bbox 1062 3226 1186 3308; x_wconf 86' lang='lat' dir='ltr'><strong>quibus</strong></span> <span class='ocrx_word' id='word_1_193' title='bbox 1213 3225 1311 3286; x_wconf 84' lang='lat' dir='ltr'><strong>vitam</strong></span> 
     </span>
     <span class='ocr_line' id='line_1_26' title="bbox 63 3317 1311 3418; baseline -0.002 -23"><span class='ocrx_word' id='word_1_194' title='bbox 63 3333 222 3416; x_wconf 76' lang='lat' dir='ltr'><strong>degebat,</strong></span> <span class='ocrx_word' id='word_1_195' title='bbox 254 3337 443 3418; x_wconf 81' lang='lat' dir='ltr'><strong>magnificas</strong></span> <span class='ocrx_word' id='word_1_196' title='bbox 464 3337 535 3396; x_wconf 86' lang='lat' dir='ltr'><strong>illas</strong></span> <span class='ocrx_word' id='word_1_197' title='bbox 558 3335 839 3414; x_wconf 88' lang='lat' dir='ltr'><strong>constructiones,</strong></span> <span class='ocrx_word' id='word_1_198' title='bbox 874 3352 955 3415; x_wconf 87' lang='lat' dir='ltr'><strong>ques</strong></span> <span class='ocrx_word' id='word_1_199' title='bbox 976 3332 1104 3396; x_wconf 87' lang='lat' dir='ltr'><strong>cottidie</strong></span> <span class='ocrx_word' id='word_1_200' title='bbox 1135 3317 1236 3394; x_wconf 88' lang='lat' dir='ltr'><strong>oculis</strong></span> <span class='ocrx_word' id='word_1_201' title='bbox 1261 3333 1311 3393; x_wconf 88' lang='lat' dir='ltr'><strong>in·</strong></span> 
     </span>
     <span class='ocr_line' id='line_1_27' title="bbox 64 3437 1315 3526; baseline -0.005 -20"><span class='ocrx_word' id='word_1_202' title='bbox 64 3445 226 3526; x_wconf 84' lang='lat' dir='ltr'><strong>tuebatur,</strong></span> <span class='ocrx_word' id='word_1_203' title='bbox 249 3444 293 3506; x_wconf 78' lang='lat' dir='ltr'><strong>ite</strong></span> <span class='ocrx_word' id='word_1_204' title='bbox 319 3443 492 3521; x_wconf 85' lang='lat' dir='ltr'><strong>insedisse,</strong></span> <span class='ocrx_word' id='word_1_205' title='bbox 528 3451 562 3504; x_wconf 94' lang='lat' dir='ltr'><strong>ut</strong></span> <span class='ocrx_word' id='word_1_206' title='bbox 593 3444 626 3502; x_wconf 89' lang='lat' dir='ltr'><strong>vi</strong></span> <span class='ocrx_word' id='word_1_207' title='bbox 656 3443 792 3524; x_wconf 84' lang='lat' dir='ltr'><strong>quadem</strong></span> <span class='ocrx_word' id='word_1_208' title='bbox 820 3444 952 3504; x_wconf 89' lang='lat' dir='ltr'><strong>naturali</strong></span> <span class='ocrx_word' id='word_1_209' title='bbox 985 3442 1193 3523; x_wconf 83' lang='lat' dir='ltr'><strong>familiarique</strong></span> <span class='ocrx_word' id='word_1_210' title='bbox 1214 3437 1315 3502; x_wconf 86' lang='lat' dir='ltr'><strong>adea</strong></span> 
     </span>
     <span class='ocr_line' id='line_1_28' title="bbox 65 3547 1397 3635; baseline -0.008 -18"><span class='ocrx_word' id='word_1_211' title='bbox 65 3552 287 3617; x_wconf 73' lang='lat' dir='ltr'><strong>adumbrantia</strong></span> <span class='ocrx_word' id='word_1_212' title='bbox 309 3562 487 3635; x_wconf 83' lang='lat' dir='ltr'><strong>cogeretur.</strong></span> <span class='ocrx_word' id='word_1_213' title='bbox 530 3551 570 3610; x_wconf 78' lang='lat' dir='ltr'><strong>ut</strong></span> <span class='ocrx_word' id='word_1_214' title='bbox 594 3567 705 3610; x_wconf 87' lang='lat' dir='ltr'><strong>revera</strong></span> <span class='ocrx_word' id='word_1_215' title='bbox 728 3553 775 3611; x_wconf 82' lang='lat' dir='ltr'><strong>ita</strong></span> <span class='ocrx_word' id='word_1_216' title='bbox 797 3559 925 3630; x_wconf 89' lang='lat' dir='ltr'><strong>queunt,</strong></span> <span class='ocrx_word' id='word_1_217' title='bbox 946 3551 1006 3611; x_wconf 88' lang='lat' dir='ltr'><strong>nisi</strong></span> <span class='ocrx_word' id='word_1_218' title='bbox 1029 3547 1315 3610; x_wconf 68' lang='lat' dir='ltr'><strong>consecutione·</strong></span> <span class='ocrx_word' id='word_1_219' title='bbox 1395 3555 1397 3560; x_wconf 85' lang='lat'>&#39;</span> 
     </span>
     <span class='ocr_line' id='line_1_29' title="bbox 67 3656 1315 3739; baseline -0.007 -16"><span class='ocrx_word' id='word_1_220' title='bbox 67 3681 141 3724; x_wconf 91' lang='lat' dir='ltr'><strong>num</strong></span> <span class='ocrx_word' id='word_1_221' title='bbox 165 3662 257 3724; x_wconf 88' lang='lat' dir='ltr'><strong>malis</strong></span> <span class='ocrx_word' id='word_1_222' title='bbox 277 3661 307 3721; x_wconf 93' lang='lat' dir='ltr'><strong>in</strong></span> <span class='ocrx_word' id='word_1_223' title='bbox 330 3657 462 3722; x_wconf 85' lang='lat' dir='ltr'><strong>Graeca</strong></span> <span class='ocrx_word' id='word_1_224' title='bbox 483 3658 643 3739; x_wconf 88' lang='lat' dir='ltr'><strong>quaelibet</strong></span> <span class='ocrx_word' id='word_1_225' title='bbox 664 3656 826 3738; x_wconf 87' lang='lat' dir='ltr'><strong>abripere,</strong></span> <span class='ocrx_word' id='word_1_226' title='bbox 857 3656 899 3720; x_wconf 88' lang='lat' dir='ltr'><strong>ad</strong></span> <span class='ocrx_word' id='word_1_227' title='bbox 920 3661 1054 3738; x_wconf 86' lang='lat' dir='ltr'><strong>patrium</strong></span> <span class='ocrx_word' id='word_1_228' title='bbox 1077 3673 1195 3717; x_wconf 90' lang='lat' dir='ltr'><strong>morem</strong></span> <span class='ocrx_word' id='word_1_229' title='bbox 1217 3673 1315 3715; x_wconf 58' lang='lat' dir='ltr'><strong>revor-</strong></span> 
     </span>
     <span class='ocr_line' id='line_1_30' title="bbox 46 3762 1376 3854; baseline -0.006 -23"><span class='ocrx_word' id='word_1_230' title='bbox 46 3771 154 3852; x_wconf 55' lang='lat' dir='ltr'><strong>⁴carri,</strong></span> <span class='ocrx_word' id='word_1_231' title='bbox 176 3778 210 3830; x_wconf 91' lang='lat' dir='ltr'><strong>ut</strong></span> <span class='ocrx_word' id='word_1_232' title='bbox 230 3787 250 3830; x_wconf 88' lang='lat' dir='ltr'><strong>a</strong></span> <span class='ocrx_word' id='word_1_233' title='bbox 273 3770 372 3850; x_wconf 92' lang='lat' dir='ltr'><strong>primo</strong></span> <span class='ocrx_word' id='word_1_234' title='bbox 396 3768 520 3828; x_wconf 88' lang='lat' dir='ltr'><strong>introitu</strong></span> <span class='ocrx_word' id='word_1_235' title='bbox 543 3767 582 3826; x_wconf 90' lang='lat' dir='ltr'><strong>ad</strong></span> <span class='ocrx_word' id='word_1_236' title='bbox 605 3779 778 3827; x_wconf 82' lang='lat' dir='ltr'><strong>extremum</strong></span> <span class='ocrx_word' id='word_1_237' title='bbox 801 3778 905 3846; x_wconf 84' lang='lat' dir='ltr'><strong>usque</strong></span> <span class='ocrx_word' id='word_1_238' title='bbox 929 3765 1049 3826; x_wconf 85' lang='lat' dir='ltr'><strong>exitum</strong></span> <span class='ocrx_word' id='word_1_239' title='bbox 1072 3766 1164 3845; x_wconf 84' lang='lat' dir='ltr'><strong>quasi</strong></span> <span class='ocrx_word' id='word_1_240' title='bbox 1185 3762 1317 3842; x_wconf 86' lang='lat' dir='ltr'><strong>conspi-</strong></span> <span class='ocrx_word' id='word_1_241' title='bbox 1374 3845 1376 3854; x_wconf 18' lang='lat' dir='ltr'><em>s</em></span> 
     </span>
     <span class='ocr_line' id='line_1_31' title="bbox 68 3875 896 3953; baseline -0.008 -12"><span class='ocrx_word' id='word_1_242' title='bbox 68 3888 160 3941; x_wconf 88' lang='lat' dir='ltr'><strong>rante</strong></span> <span class='ocrx_word' id='word_1_243' title='bbox 181 3886 213 3939; x_wconf 90' lang='lat' dir='ltr'><strong>et</strong></span> <span class='ocrx_word' id='word_1_244' title='bbox 234 3877 370 3939; x_wconf 87' lang='lat' dir='ltr'><strong>conflato</strong></span> <span class='ocrx_word' id='word_1_245' title='bbox 392 3892 554 3936; x_wconf 86' lang='lat' dir='ltr'><strong>consensu</strong></span> <span class='ocrx_word' id='word_1_246' title='bbox 579 3878 684 3936; x_wconf 85' lang='lat' dir='ltr'><strong>omnia</strong></span> <span class='ocrx_word' id='word_1_247' title='bbox 706 3875 896 3953; x_wconf 87' lang='lat' dir='ltr'><strong>conspirent.</strong></span> 
     </span>
    </p>
   </div>
   <div class='ocr_carea' id='block_1_8' title="bbox 69 4003 1318 4856">
    <p class='ocr_par' dir='ltr' id='par_1_10' title="bbox 69 4003 1318 4633">
     <span class='ocr_line' id='line_1_32' title="bbox 152 4003 1314 4090; baseline -0.004 -17"><span class='ocrx_word' id='word_1_248' title='bbox 152 4011 291 4073; x_wconf 88' lang='lat' dir='ltr'><strong>Primum</strong></span> <span class='ocrx_word' id='word_1_249' title='bbox 311 4010 416 4070; x_wconf 90' lang='lat' dir='ltr'><strong>statim</strong></span> <span class='ocrx_word' id='word_1_250' title='bbox 440 4008 684 4069; x_wconf 83' lang='lat' dir='ltr'><strong>limensaucti</strong></span> <span class='ocrx_word' id='word_1_251' title='bbox 706 4003 779 4087; x_wconf 93' lang='lat' dir='ltr'><strong>quid</strong></span> <span class='ocrx_word' id='word_1_252' title='bbox 800 4007 830 4066; x_wconf 92' lang='lat' dir='ltr'><strong>iu</strong></span> <span class='ocrx_word' id='word_1_253' title='bbox 845 4024 882 4066; x_wconf 91' lang='lat' dir='ltr'><strong>se</strong></span> <span class='ocrx_word' id='word_1_254' title='bbox 897 4004 1093 4090; x_wconf 79' lang='lat' dir='ltr'><strong>eontinebet3</strong></span> <span class='ocrx_word' id='word_1_255' title='bbox 1117 4006 1222 4068; x_wconf 88' lang='lat' dir='ltr'><strong>limine</strong></span> <span class='ocrx_word' id='word_1_256' title='bbox 1242 4006 1314 4088; x_wconf 85' lang='lat' dir='ltr'><strong>pelli</strong></span> 
     </span>
     <span class='ocr_line' id='line_1_33' title="bbox 69 4111 1316 4193; baseline -0.004 -12"><span class='ocrx_word' id='word_1_257' title='bbox 69 4135 194 4181; x_wconf 87' lang='lat' dir='ltr'><strong>summa</strong></span> <span class='ocrx_word' id='word_1_258' title='bbox 215 4118 389 4180; x_wconf 88' lang='lat' dir='ltr'><strong>habebatur</strong></span> <span class='ocrx_word' id='word_1_259' title='bbox 411 4116 494 4176; x_wconf 83' lang='lat' dir='ltr'><strong>ciris</strong></span> <span class='ocrx_word' id='word_1_260' title='bbox 515 4113 651 4176; x_wconf 81' lang='lat' dir='ltr'><strong>Romani</strong></span> <span class='ocrx_word' id='word_1_261' title='bbox 672 4115 797 4176; x_wconf 83' lang='lat' dir='ltr'><strong>iniuria.</strong></span> <span class='ocrx_word' id='word_1_262' title='bbox 831 4113 899 4174; x_wconf 80' lang='lat' dir='ltr'><strong>Cic.</strong></span> <span class='ocrx_word' id='word_1_263' title='bbox 917 4132 973 4193; x_wconf 92' lang='lat' dir='ltr'><strong>pro</strong></span> <span class='ocrx_word' id='word_1_264' title='bbox 992 4111 1121 4176; x_wconf 81' lang='lat' dir='ltr'><strong>Caecin.</strong></span> <span class='ocrx_word' id='word_1_265' title='bbox 1146 4112 1194 4178; x_wconf 74' lang='lat'><strong>12.</strong></span> <span class='ocrx_word' id='word_1_266' title='bbox 1215 4119 1242 4186; x_wconf 85' lang='lat'><strong>§.</strong></span> <span class='ocrx_word' id='word_1_267' title='bbox 1259 4114 1316 4176; x_wconf 81' lang='lat'><strong>35:</strong></span> 
     </span>
     <span class='ocr_line' id='line_1_34' title="bbox 72 4219 1316 4307; baseline -0.004 -23"><span class='ocrx_word' id='word_1_268' title='bbox 72 4227 239 4307; x_wconf 61' lang='lat' dir='ltr'><strong>„Quaem</strong></span> <span class='ocrx_word' id='word_1_269' title='bbox 272 4229 301 4288; x_wconf 88' lang='lat' dir='ltr'><strong>si</strong></span> <span class='ocrx_word' id='word_1_270' title='bbox 330 4235 364 4288; x_wconf 92' lang='lat' dir='ltr'><strong>te</strong></span> <span class='ocrx_word' id='word_1_271' title='bbox 394 4223 487 4288; x_wconf 91' lang='lat' dir='ltr'><strong>hodie</strong></span> <span class='ocrx_word' id='word_1_272' title='bbox 515 4221 641 4284; x_wconf 89' lang='lat' dir='ltr'><strong>domum</strong></span> <span class='ocrx_word' id='word_1_273' title='bbox 670 4232 755 4283; x_wconf 92' lang='lat' dir='ltr'><strong>tuam</strong></span> <span class='ocrx_word' id='word_1_274' title='bbox 784 4219 968 4281; x_wconf 89' lang='lat' dir='ltr'><strong>redeuntem</strong></span> <span class='ocrx_word' id='word_1_275' title='bbox 991 4222 1096 4282; x_wconf 90' lang='lat' dir='ltr'><strong>coacti</strong></span> <span class='ocrx_word' id='word_1_276' title='bbox 1117 4220 1259 4282; x_wconf 89' lang='lat' dir='ltr'><strong>homiues</strong></span> <span class='ocrx_word' id='word_1_277' title='bbox 1284 4226 1316 4280; x_wconf 92' lang='lat' dir='ltr'><strong>et</strong></span> 
     </span>
     <span class='ocr_line' id='line_1_35' title="bbox 72 4310 1318 4410; baseline -0.009 -12"><span class='ocrx_word' id='word_1_278' title='bbox 72 4338 184 4398; x_wconf 87' lang='lat' dir='ltr'><strong>armati</strong></span> <span class='ocrx_word' id='word_1_279' title='bbox 205 4356 267 4397; x_wconf 93' lang='lat' dir='ltr'><strong>nou</strong></span> <span class='ocrx_word' id='word_1_280' title='bbox 288 4334 382 4396; x_wconf 92' lang='lat' dir='ltr'><strong>modu</strong></span> <span class='ocrx_word' id='word_1_281' title='bbox 404 4334 510 4394; x_wconf 91' lang='lat' dir='ltr'><strong>limine</strong></span> <span class='ocrx_word' id='word_1_282' title='bbox 532 4310 682 4410; x_wconf 87' lang='lat' dir='ltr'><strong>tectoque</strong></span> <span class='ocrx_word' id='word_1_283' title='bbox 705 4328 828 4391; x_wconf 87' lang='lat' dir='ltr'><strong>aedium</strong></span> <span class='ocrx_word' id='word_1_284' title='bbox 851 4337 990 4402; x_wconf 88' lang='lat' dir='ltr'><strong>tuarum,</strong></span> <span class='ocrx_word' id='word_1_285' title='bbox 1032 4329 1091 4390; x_wconf 90' lang='lat' dir='ltr'><strong>sed</strong></span> <span class='ocrx_word' id='word_1_286' title='bbox 1111 4331 1211 4410; x_wconf 89' lang='lat' dir='ltr'><strong>primo</strong></span> <span class='ocrx_word' id='word_1_287' title='bbox 1231 4326 1318 4388; x_wconf 88' lang='lat' dir='ltr'><strong>aditu</strong></span> 
     </span>
     <span class='ocr_line' id='line_1_36' title="bbox 71 4433 1316 4525; baseline -0.006 -18"><span class='ocrx_word' id='word_1_288' title='bbox 71 4446 297 4525; x_wconf 78' lang='lat' dir='ltr'><strong>vestibuloque</strong></span> <span class='ocrx_word' id='word_1_289' title='bbox 325 4440 555 4523; x_wconf 83' lang='lat' dir='ltr'><strong>prohibuerint,</strong></span> <span class='ocrx_word' id='word_1_290' title='bbox 591 4435 664 4518; x_wconf 92' lang='lat' dir='ltr'><strong>quid</strong></span> <span class='ocrx_word' id='word_1_291' title='bbox 692 4445 821 4497; x_wconf 91' lang='lat' dir='ltr'><strong>acturus</strong></span> <span class='ocrx_word' id='word_1_292' title='bbox 847 4437 925 4498; x_wconf 77' lang='lat' dir='ltr'><strong>sis«</strong></span> <span class='ocrx_word' id='word_1_293' title='bbox 977 4437 1118 4504; x_wconf 83' lang='lat' dir='ltr'><strong>luvenal.</strong></span> <span class='ocrx_word' id='word_1_294' title='bbox 1145 4437 1210 4517; x_wconf 87' lang='lat'><strong>111,</strong></span> <span class='ocrx_word' id='word_1_295' title='bbox 1240 4433 1316 4500; x_wconf 67' lang='lat'><strong>1242</strong></span> 
     </span>
     <span class='ocr_line' id='line_1_37' title="bbox 74 4547 1086 4633; baseline -0.001 -18"><span class='ocrx_word' id='word_1_296' title='bbox 74 4554 219 4633; x_wconf 70' lang='lat' dir='ltr'><strong>»Limine</strong></span> <span class='ocrx_word' id='word_1_297' title='bbox 240 4552 463 4614; x_wconf 79' lang='lat' dir='ltr'><strong>submoveor.e</strong></span> <span class='ocrx_word' id='word_1_298' title='bbox 504 4547 583 4608; x_wconf 91' lang='lat' dir='ltr'><strong>lude</strong></span> <span class='ocrx_word' id='word_1_299' title='bbox 604 4547 728 4608; x_wconf 77' lang='lat' dir='ltr'><strong>‘furnus</strong></span> <span class='ocrx_word' id='word_1_300' title='bbox 751 4549 889 4628; x_wconf 88' lang='lat' dir='ltr'><strong>queritur</strong></span> <span class='ocrx_word' id='word_1_301' title='bbox 910 4548 986 4629; x_wconf 82' lang='lat' dir='ltr'><strong>vll,</strong></span> <span class='ocrx_word' id='word_1_302' title='bbox 1008 4549 1086 4614; x_wconf 69' lang='lat'><strong>5⁷92</strong></span> 
     </span>
    </p>

    <p class='ocr_par' dir='ltr' id='par_1_11' title="bbox 155 4657 985 4743">
     <span class='ocr_line' id='line_1_38' title="bbox 155 4657 985 4743; baseline -0.012 -16"><span class='ocrx_word' id='word_1_303' title='bbox 155 4664 295 4743; x_wconf 75' lang='lat' dir='ltr'><strong>Stirpem</strong></span> <span class='ocrx_word' id='word_1_304' title='bbox 316 4662 486 4722; x_wconf 60' lang='lat' dir='ltr'><strong>admisceri</strong></span> <span class='ocrx_word' id='word_1_305' title='bbox 505 4659 693 4737; x_wconf 59' lang='lat' dir='ltr'><strong>Perpetem,</strong></span> <span class='ocrx_word' id='word_1_306' title='bbox 716 4677 753 4718; x_wconf 84' lang='lat' dir='ltr'><strong>ee</strong></span> <span class='ocrx_word' id='word_1_307' title='bbox 774 4657 881 4720; x_wconf 75' lang='lat' dir='ltr'><strong>limine</strong></span> <span class='ocrx_word' id='word_1_308' title='bbox 898 4658 985 4736; x_wconf 79' lang='lat' dir='ltr'><strong>pelli.</strong></span> 
     </span>
    </p>

    <p class='ocr_par' dir='ltr' id='par_1_12' title="bbox 76 4765 1220 4856">
     <span class='ocr_line' id='line_1_39' title="bbox 76 4765 1220 4856; baseline -0.021 -19"><span class='ocrx_word' id='word_1_309' title='bbox 76 4771 197 4856; x_wconf 83' lang='lat' dir='ltr'><strong>Georg.</strong></span> <span class='ocrx_word' id='word_1_310' title='bbox 219 4773 261 4854; x_wconf 86' lang='lat'><strong>11,</strong></span> <span class='ocrx_word' id='word_1_311' title='bbox 280 4769 363 4834; x_wconf 78' lang='lat'>510:</span> <span class='ocrx_word' id='word_1_312' title='bbox 461 4842 464 4846; x_wconf 20' lang='lat'><strong>¹</strong></span> <span class='ocrx_word' id='word_1_313' title='bbox 1150 4777 1158 4814; x_wconf 75' lang='lat' dir='ltr'><strong>i</strong></span> <span class='ocrx_word' id='word_1_314' title='bbox 1216 4765 1220 4774; x_wconf 87' lang='grc'><em>·</em></span> 
     </span>
    </p>
   </div>
   <div class='ocr_carea' id='block_1_9' title="bbox 0 0 1530 5184">
    <p class='ocr_par' dir='ltr' id='par_1_13' title="bbox 0 0 1530 5184">
     <span class='ocr_line' id='line_1_40' title="bbox 0 0 1530 5184; baseline 0 0"><span class='ocrx_word' id='word_1_315' title='bbox 0 0 1530 5184; x_wconf 95' lang='lat' dir='ltr'><strong> </strong></span> 
     </span>
    </p>
   </div>
  </div>
 </body>
</html>
