3000 5184
500 201 556 265 De
575 200 842 265 vestimentis.
920 258 923 262 .

139 381 256 450 Slahal
273 390 308 446 iu
326 388 464 464 epreplis
484 383 639 446 Arcentis
655 385 743 464 filius
765 389 875 455 urmie,

140 496 256 557 Piclua
275 514 338 554 acu
360 493 555 571 chlamydem
575 502 608 554 et
623 497 791 574 serruyiue
811 496 921 555 claruc
942 494 1071 557 Hibera.

47 601 220 665 Chloreus
238 601 291 663 ille
308 605 479 680 pereyriua
494 605 661 682 serrupiue
681 604 791 664 clarus
812 611 844 664 et
862 611 946 665 ortrc
969 602 1045 682 (XI,
1066 603 1152 679 m.)
1174 603 1254 670 ⁷75:

184 711 263 772 Tum
285 729 427 771 croceam
448 711 706 790 chlamydemque
725 716 880 791 sinusque
901 717 1059 790 crepantis

139 817 315 880 Oarhaceoe
332 818 422 896 sulco
443 821 477 876 ia
497 819 613 878 uadum
634 819 808 895 collepernt
826 839 913 879 auro.

46 948 217 1012 croceum
246 949 382 1010 colorem
410 951 472 1008 ianr
503 948 672 1028 tetigimus.
725 949 896 1012 Militarem
935 951 1029 1014 etiam
1059 954 1157 1016 luisse
1189 952 1293 1030 credo,

46 1075 151 1139 quam
174 1054 357 1117 ductoribus
377 1056 470 1116 navis
490 1054 630 1115 victricis
654 1055 783 1116 Aeneas
804 1056 846 1130 V,
870 1057 942 1119 250.
966 1058 1077 1123 donat:

143 1165 267 1226 Victori
288 1163 484 1240 chlamydem
507 1169 661 1235 auratam,
685 1182 780 1242 quam
798 1166 950 1242 pluruma
971 1169 1093 1228 circum

138 1273 292 1350 Purpura
314 1271 492 1332 Mueaadro
514 1272 636 1349 duplici
656 1272 813 1333 Meliboea
834 1277 989 1353 cucurrit,

138 1379 352 1456 Iuleatueque
368 1398 450 1455 puer
467 1379 622 1456 sronda'ca
640 1381 749 1453 repiue
770 1378 832 1438 Ida

146 1485 272 1546 Velocir
291 1486 395 1546 iaculo
416 1504 524 1544 cereos
547 1502 705 1562 cursuque
722 1487 853 1566 satipah

139 1592 236 1660 Acer,
260 1593 427 1653 anhelanti
446 1594 570 1657 similis.
593 1642 600 1657 .
625 1638 633 1654 .
654 1641 665 1660 ,.
689 1639 695 1654 .
719 1637 758 1655 ..

47 1703 133 1764 Non
167 1698 391 1786 Ganymedem
424 1705 463 1766 ab
488 1706 591 1786 aquila
624 1713 747 1785 raptum
776 1708 809 1767 in
850 1709 1061 1768 monumentis
1097 1705 1225 1767 obvium
1262 1704 1292 1768 in

46 1812 105 1872 illa
129 1809 299 1893 chlamyde
313 1812 464 1873 intextum
486 1813 587 1874 inisse
608 1813 751 1891 arbitror,
779 1814 838 1875 sod
862 1824 979 1876 venatu
1002 1823 1201 1897 occupatum,
1232 1834 1292 1878 an·

45 1921 222 1983 helantem.
266 1919 450 1982 collationis
478 1922 508 1981 in
536 1920 661 1983 modurn
689 1930 721 1982 et
748 1923 893 2001 poeticae
922 1925 1033 2002 copiae
1055 1923 1159 2002 gratia
1179 1922 1292 1985 deinde

49 2045 178 2092 versus
197 2027 382 2089 sec-257.
403 2026 567 2100 adduntur,
590 2037 622 2090 et
641 2047 747 2089 sermo
770 2029 914 2110 obliquus
937 2048 967 2089 v.
988 2029 1070 2112 256„
1093 2029 1292 2110 placentin

37 2125 204 2219 'genuinis
226 2134 523 2216 comparationibus,
543 2135 572 2195 in
594 2146 714 2200 rectum
738 2141 859 2202 transit.
910 2138 1062 2216 chlamys
1080 2155 1158 2199 vero
1178 2142 1293 2198 aurata

49 2244 81 2306 h.
108 2245 128 2308 l.
151 2251 187 2304 ut
210 2242 298 2318 vlit,
324 2243 397 2305 167:
425 2263 504 2303 auro
526 2247 713 2316 interiecta,
744 2241 868 2328 Georg.
890 2246 931 2324 ll,
962 2245 1041 2308 464:
1068 2225 1193 2306 iulhaae
1214 2263 1292 2305 auro

48 2358 172 2430 emine,
194 2357 230 2410 ut
250 2350 331 2429 apud
346 2351 475 2412 Snetnn.
490 2349 609 2410 Neron.
630 2349 680 2410 25.
703 2351 792 2412 Nero
816 2353 865 2412 nin
885 2359 979 2414 vestu
1001 2369 1154 2432 purpurea
1176 2350 1292 2414 distin·

51 2469 171 2540 ctam-0
196 2461 297 2521 stellis
319 2462 423 2520 aureis
446 2455 644 2537 chlamyde.“
695 2456 798 2540 Calig.
828 2460 882 2522 19:
912 2459 1127 2540 „insignisque
1156 2477 1292 2539 qucrnea

51 2586 176 2632 corona
198 2575 230 2630 et
258 2576 347 2628 cetra
375 2574 409 2628 et
431 2566 536 2649 gladio
559 2586 717 2649 aureaque
738 2565 940 2647 chlnnryde.“
975 2567 1092 2629 Verum
1114 2565 1198 2628 enim
1213 2584 1292 2628 vero

51 2677 198 2738 fortasse
219 2677 349 2754 saepius
369 2672 471 2735 animo
495 2672 626 2753 Vergilii
655 2672 736 2732 haec
765 2673 934 2735 obversata
961 2679 1012 2734 est
1041 2675 1163 2746 vestis,
1202 2672 1292 2735 cuins

51 2802 137 2848 sane
158 2781 388 2863 expressiorem
412 2788 444 2840 ct
463 2777 650 2841 delineatam
681 2779 812 2840 sormam
841 2780 1039 2861 ignoramus,
1074 2797 1168 2858 quum
1195 2782 1291 2843 toties

51 2891 98 2954 de
126 2896 222 2951 vesto
250 2890 349 2971 pinta,
382 2889 552 2969 picturata,
587 2896 673 2948 nstro
701 2888 848 2970 perfusa,
877 2907 1011 2970 purpura
1041 2887 1140 2968 picta,
1175 2888 1291 2952 amictu

51 3015 212 3081 purpureo
239 2997 401 3076 loquatur,
430 2994 490 3056 nisi
518 2995 654 3075 singulis
681 2994 761 3056 locis
790 2995 830 3057 de
856 2997 965 3057 trabea
997 2997 1057 3058 erit
1078 2995 1291 3074 cogitandum.

53 3109 152 3189 Quae
183 3125 235 3168 res
270 3105 309 3170 ad
341 3105 581 3168 discernendum
615 3115 666 3168 est
699 3106 805 3172 ardua.
865 3107 987 3170 Audias
1021 3115 1146 3189 poetam
1178 3108 1290 3186 ipsum.
1386 3188 1389 3196 .

52 3213 282 3280 Andromache
303 3213 359 3292 lll,
381 3211 459 3275 483:

139 3317 220 3381 Fert
237 3322 413 3396 picturatas
434 3323 508 3379 auri
528 3322 703 3381 subtemine
723 3327 825 3381 cesten

137 3429 186 3490 Et
203 3428 381 3504 Phrpyiom
401 3427 543 3490 Ascanio
566 3430 772 3506 chlamydem.

53 3534 111 3598 uhi
131 3523 166 3595 ἓν
186 3522 242 3596 dccl
262 3529 353 3595 donin
372 3535 491 3614 poteris
515 3535 684 3596 adhibitum
704 3552 779 3596 esse
800 3535 990 3600 existimare.
1043 3537 1101 3599 Sic
1128 3536 1177 3614 V,
1210 3535 1288 3597 250:

54 3644 251 3723 chlampdem
278 3651 433 3708 auratam.
482 3645 655 3705 Exercitus
684 3645 858 3706 nominatur
885 3646 951 3723 IX,
981 3643 1038 3709 26:
1071 3630 1179 3708 nim
1192 3649 1292 3724 pictai
1415 3621 1422 3636 .

54 3756 153 3816 certic
180 3759 213 3813 et
236 3758 327 3832 auri,
361 3754 415 3815 nbi
441 3753 481 3814 de
508 3753 674 3835 chlamyde
705 3754 827 3814 militari
855 3753 987 3835 cogitari
1007 3753 1202 3835 aptissimum
1222 3751 1289 3814 erit.

54 3866 156 3926 Porro
177 3860 234 3936 lX,
254 3860 332 3924 6142

144 3967 239 4028 Vohie
257 3972 345 4045 pieta
365 3987 455 4029 croco
475 3974 507 4028 et
524 3969 666 4048 sulpeuti
684 3971 807 4027 murice
828 3971 933 4028 nectis.

52 4073 171 4154 poterit
214 4095 356 4136 croceam
388 4076 586 4153 chlamydem
622 4074 687 4153 Xl,
732 4072 803 4134 775.
840 4073 871 4133 in
913 4077 1094 4138 memoriam
1126 4092 1289 4139 revocare.

56 4182 163 4262 Quum
200 4202 278 4244 vern
320 4185 351 4245 in
387 4182 508 4244 Placidi
545 4179 674 4244 Gloss‘ns
721 4181 865 4262 chlamys
902 4193 1036 4245 vocetur
1070 4181 1172 4245 vestis
1210 4204 1290 4266 pur·

53 4297 182 4372 putata,
217 4289 301 4370 apud
329 4289 507 4372 Vergilium
542 4307 666 4370 qnoque
704 4295 897 4349 commutata
925 4297 975 4349 est
1003 4290 1105 4351 vestis
1134 4308 1291 4372 purpurea

53 4411 124 4456 cnm
145 4395 322 4479 chlamyde.
370 4401 421 4461 lta
447 4417 530 4481 quae
552 4399 619 4479 IV,
654 4396 721 4459 137.
744 4397 877 4459 Sidonia
899 4398 1055 4478 chlamys,
1084 4396 1196 4459 eadem
1222 4395 1288 4468 139.

51 4526 214 4585 purpurea
234 4514 339 4571 realia.
374 4511 443 4583 (cf.
459 4512 531 4590 xil,
553 4509 626 4570 602.
647 4507 776 4590 reginae
794 4525 973 4585 purpureos
995 4508 1157 4579 amictum]
1188 4504 1288 4568 Chlo-

51 4631 139 4695 reus,
162 4614 215 4696 qni
236 4614 296 4690 xl,
316 4615 387 4676 m
409 4635 550 4677 croceam
573 4613 769 4690 chlamydem
797 4609 923 4672 indutus
946 4616 1008 4690 est,
1029 4607 1099 4672 ⁷72.
1117 4613 1287 4686 peroptima

51 4722 222 4804 appellatur
246 4725 415 4803 summme
443 4725 552 4785 clarae
573 4729 606 4783 et
623 4728 728 4803 cetra,
762 4735 939 4803 quanquam
961 4718 1003 4780 ibi
1025 4734 1149 4799 qnoque
1170 4714 1212 4779 de
1231 4724 1287 4786 tn·
