3000 5184
604 243 662 310 lle
681 246 775 310 diis.
1246 233 1307 310 143
1347 341 1358 352 ⁸

60 446 89 493 a.
109 447 141 490 r.
164 425 192 491 t.
238 431 347 494 Luem
368 431 527 496 ll'erooire
554 441 746 494 memoratur
771 419 868 497 etlam
893 432 924 495 in
945 451 1025 516 agro
1037 431 1204 513 Capenate
1228 431 1301 492 lain,

60 536 186 614 XXVI,
211 540 269 603 ll:
283 541 425 621 xxvll,
448 543 478 603 l.
501 541 646 624 lienique
668 544 759 604 iuxta
768 542 947 604 Praeneste
968 542 1137 603 sacrarium
1158 537 1301 602 eiusdem

63 643 148 707 deae
171 647 273 710 icisse
294 649 429 712 videtur.
457 645 630 738 Evandrus
653 647 733 712 enim
757 649 847 727 Vlll,
867 648 940 714 561.
961 651 1021 713 ait:
1287 647 1292 652 ’

144 755 262 832 Qualis
283 779 380 836 eram,
403 779 474 820 cam
493 763 629 838 priraam
650 763 747 826 aciem
767 759 942 820 Praeneste
962 761 1020 821 aad
1041 752 1113 838 ipen

142 863 257 928 Siraci
276 875 502 949 aratorumque
521 872 650 930 iacendi
669 874 771 930 victor
790 888 930 941 aeneae,

140 973 191 1033 Et
211 995 319 1052 repeat
341 977 401 1040 Aac
422 977 563 1040 lirnium
586 979 703 1039 dextra
724 979 784 1040 rud
808 977 943 1039 Tartara
962 981 1046 1059 ariri,

141 1081 303 1144 Nosceati
321 1087 375 1144 cai
393 1087 453 1144 trie
476 1087 601 1144 ammae
623 1083 801 1146 Feronia
821 1092 943 1145 mater
963 1114 1005 1130 -

143 1187 350 1248 Horrendum
371 1189 459 1250 dicta
480 1219 520 1234 -·-
542 1190 688 1272 dederat‚·
703 1195 795 1250 ierac
816 1207 907 1250 arma
928 1191 1090 1252 monenda.

61 1295 134 1356 Iovi
167 1295 288 1376 Stygio
316 1295 527 1377 comparanda
557 1307 607 1361 est
638 1297 718 1362 luno
749 1301 898 1379 ursana,
931 1297 963 1359 id
999 1307 1069 1377 est,
1105 1297 1303 1379 Proserpina.

56 1401 121 1484 vr,
144 1401 222 1466 reo:
833 1385 845 1468 ᾳ

640 1505 740 1568 Latet
759 1510 872 1569 ardore
893 1528 994 1586 opace

145 1617 280 1680 Aureae
300 1624 333 1679 et
347 1619 439 1698 soliis
460 1624 491 1678 et
513 1618 596 1677 lenta
616 1617 730 1678 rimiae
751 1635 863 1677 ramus

146 1733 268 1793 Inmiti
286 1733 432 1812 infernae
453 1732 559 1790 dietae
578 1747 681 1790 ancer.

60 1839 290 1921 Suspicionem
320 1839 419 1900 movit
446 1837 524 1898 viris
559 1835 661 1899 doctis
683 1837 844 1917 inscriptio
871 1838 969 1918 Spoa.
998 1842 1093 1908 Aliso
1114 1862 1144 1923 p.
1165 1843 1302 1908 lr'llxx'.

52 1946 155 2011 Orell.
169 1946 269 2011 1310:
292 1943 466 2010 IVNONl.
488 1944 695 2011 S'l'YGlAld.
718 1945 1052 2036 causcua'rlNA.
1073 1950 1303 2016 MA'l'lllirlA.
1423 2038 1429 2050 κ

54 2055 168 2120 CVM.
193 2055 277 2120 Fllr.
300 2053 377 2117 SV:
393 2054 434 2116 V.
459 2055 494 2116 S.
518 2055 555 2118 Ir.
576 2055 626 2117 dl.

141 2161 172 2225 3.
217 2162 371 2244 Aramo,
392 2163 483 2225 cuius
506 2170 612 2243 partes
634 2164 780 2244 quemvis
800 2164 831 2226 in
856 2165 999 2229 Aeneide
1021 2167 1089 2228 lere
1108 2167 1173 2230 sint
1188 2168 1304 2252 nullae,

57 2271 122 2332 nisi
146 2270 232 2352 quod
255 2273 313 2353 ΙΙΙ,
334 2270 566 2336 centoculum
590 2271 664 2345 edit,
688 2273 751 2350 lx,
772 2270 843 2334 638.
864 2274 968 2335 lulum
988 2273 1112 2336 adfatur
1125 2277 1304 2358 aequente

54 2383 86 2444 iu
118 2381 223 2444 Buten
260 2392 399 2445 mutatur
427 2416 469 2428 -
497 2391 663 2464 propterea
699 2391 806 2446 temen
836 2385 1069 2468 memorabilis,
1099 2387 1172 2466 quia
1199 2387 1306 2448 subtili

54 2490 201 2571 quadam
239 2511 316 2572 erga
357 2493 540 2574 Augustum
577 2493 756 2568 adulatione
791 2513 851 2554 non
883 2511 955 2554 raro
987 2493 1116 2554 carmini
1147 2493 1304 2557 intexitur.

59 2602 252 2672 'l'eneuduru
275 2603 357 2666 enim
378 2603 481 2681 illud,
513 2604 598 2686 quod
630 2605 760 2668 Sueton.
783 2603 898 2666 Oclav.
927 2601 971 2664 70
1012 2611 1132 2665 narrat:
1175 2603 1305 2666 »Coena

55 2729 189 2792 quoqne
211 2711 282 2772 cius
299 2712 455 2774 secretior
475 2712 506 2775 in
529 2711 643 2774 iabnlis
665 2712 741 2791 init,
771 2728 852 2790 qnae
873 2712 972 2790 vulgo
1002 2696 1212 2782 consedeant
1240 2730 1303 2773 vo·

53 2819 213 2896 collatur,
246 2818 276 2880 in
300 2837 362 2900 qna
394 2818 524 2892 deorum
561 2818 753 2899 dearumque
781 2816 889 2878 lrabitu
911 2815 1112 2878 discubuisse
1131 2817 1304 2897 convivas,

53 2935 88 2988 et
111 2928 250 3007 ipsum
274 2943 345 3006 pro
370 2926 564 3006 Apolline
588 2933 768 2988 ornatum
791 2941 852 2985 non
875 2923 1002 2986 Antonii
1023 2923 1116 2986 raudo
1138 2924 1305 3004 epistolae,

54 3033 256 3116 singulorum
278 3035 405 3096 uomina
425 3034 621 3098 amarissime
644 3034 868 3113 enumerantis,
890 3031 1091 3112 exprobrant,
1114 3030 1173 3094 sad
1192 3034 1307 3095 ataine

54 3150 193 3210 auctore
214 3143 373 3204 notissimi
396 3159 511 3203 versus
534 3173 574 3184 -
597 3174 636 3186 ·—
659 3141 942 3219 Acclamatumque
961 3147 1014 3202 cst
1035 3139 1184 3218 postridie
1203 3173 1243 3183 —
1265 3172 1306 3184 -

55 3252 237 3316 Caesarem
254 3266 329 3310 csse
346 3250 439 3329 pluue
455 3250 646 3332 Apollinem,
668 3249 726 3311 sed
740 3251 933 3311 Tortorema
966 3248 1060 3310 Serv.
1081 3249 1147 3310 luel.
1170 3247 1227 3324 lV,
1251 3248 1306 3310 10:

54 3358 196 3436 „Apollo
218 3390 256 3402 -·
269 3365 360 3417 -et
380 3357 481 3440 tangit
505 3358 700 3440 Augustum,
725 3357 775 3418 ori
795 3356 997 3419 simulacrum
1019 3356 1138 3418 factum
1160 3365 1209 3416 est
1233 3373 1306 3416 cum

55 3466 219 3548 Apollinis
240 3465 361 3527 cunctis
383 3465 584 3546 insignibusa
622 3467 750 3526 Aeneas
773 3483 861 3544 vero,
882 3482 976 3545 quum
998 3465 1027 3524 iu
1049 3463 1190 3525 omnibus
1210 3465 1307 3526 rebus

57 3577 205 3660 Augusti
235 3576 275 3636 sit
305 3577 466 3656 exemplar
493 3583 525 3636 et
554 3575 645 3655 quasi
676 3575 863 3656 speculum,
896 3594 957 3635 nou
985 3578 1055 3636 sine
1076 3583 1163 3635 certa
1183 3572 1306 3634 ratione

54 3685 116 3759 lV,
144 3682 212 3746 lle.
236 3683 370 3763 Apollini
393 3685 569 3762 comparari
599 3681 744 3743 videtur:

143 3789 263 3867 Oleniis
284 3788 339 3850 n'di
359 3791 523 3850 hibernam
544 3790 678 3866 Lyciam
701 3791 888 3870 Xanthique
905 3792 1027 3867 stricato

140 3899 329 3965 Deseritur
352 3898 468 3958 Delam
490 3903 665 3956 maternam
687 3899 797 3956 inrisit
816 3895 931 3973 Apollo

140 4007 372 4084 Instauratqae
393 4005 516 4084 odorae,
538 4010 695 4083 miniique
714 4005 831 4064 altaria
852 4009 973 4066 circam

142 4115 255 4179 Grates
277 4122 486 4199 Dryopesque
505 4122 651 4197 fremunt
668 4122 809 4198 pictique
829 4119 1020 4199 Apollinari,

143 4225 222 4303 Ipse
242 4231 327 4303 inpie
350 4227 470 4307 Gyarae·
488 4229 637 4304 proditur
657 4227 805 4306 tacitique
821 4224 972 4306 flereateai

140 4331 272 4396 Fronde
293 4339 414 4414 premit
432 4339 550 4394 crinem
567 4338 694 4414 stupeno
715 4336 819 4414 adque
838 4337 973 4412 inplicat
991 4356 1081 4418 aare,

148 4441 362 4506 Tetaeorraat
380 4447 508 4523 amris,
532 4443 622 4505 dauri
639 4441 694 4504 lito
714 4447 843 4519 aequior
864 4446 938 4505 ibat.

57 4573 221 4636 Didonem
244 4574 323 4637 alias
344 4575 467 4636 Dianae
489 4582 703 4655 comparatam
727 4574 836 4634 statim
869 4573 1056 4648 videbimus.
1099 4579 1134 4638 ln
1157 4576 1207 4639 illa
1227 4593 1308 4635 vero

57 4680 219 4760 Apollinis
250 4679 368 4742 choros
396 4681 602 4742 instaurantis
633 4679 845 4759 descriptione
868 4681 976 4742 insunt
997 4684 1184 4764 cognomina
1205 4703 1308 4766 quae-

58 4787 131 4850 dam
153 4785 346 4871 significata,
368 4807 428 4850 nou
445 4790 503 4852 'illa
523 4793 650 4872 manni,
673 4792 738 4863 alti,
761 4793 902 4871 serrrrooi,
922 4792 1063 4870 poledri,
1084 4790 1142 4852 sed
1166 4791 1305 4871 cynthii,
