3000 5184
522 235 579 296 lle
602 231 982 299 urbis-condendae
1001 249 1120 295 more.

763 583 796 674 c
821 587 868 654 1.

370 775 372 786 ·
404 781 408 786 ,
515 737 575 796 lte
592 737 710 794 rrrlrla
727 735 968 794 numae
982 747 1119 790 nte..
1498 688 1499 763 l

108 898 110 902 ¹
204 909 208 992 j
280 907 340 992 Qui
363 887 530 972 ad‘novae
551 909 713 972 urbisve!
735 906 880 970 coloniae
902 902 1158 971 aedificationem
1190 902 1275 984 apud
1296 911 1444 964 nostrum

198 1015 283 1079 obvii
304 1023 379 1080 sunt
399 1015 488 1104 ritus,
510 1017 529 1078 ii
551 1036 612 1078 uon
634 1035 675 1078 cx
699 1013 842 1096 impolita
864 1011 1081 1096 antiquissimi.
1090 1010 1241 1089 temporis
1263 1010 1446 1073 rusticitate
1498 1046 1499 1123 4

196 1125 328 1212 proiecti
349 1133 438 1204 suut,
467 1125 531 1186 sed.
546 1124 618 1208 ltali
639 1123 776 1186 hominis
797 1121 933 1202 probant
958 1119 1225 1202 imaginationem,
1246 1119 1301 1200 qui
1321 1122 1379 1180 vel
1400 1140 1445 1182 ex
1498 1128 1499 1149 ¹

198 1232 394 1300 historiovcl
414 1221 457 1294 ¹ex
480 1233 604 1296 colonia
624 1232 659 1293 iu
675 1233 745 1296 loca
759 1228 927 1314 peregriua
943 1245 1003 1290 auo
1026 1236 1168 1308 tempure
1185 1226 1446 1292 deductaomuia
1498 1236 1499 1247 ¹

199 1340 298 1424 probe
322 1348 528 1424 cognouerat.
569 1341 706 1406 Primum
740 1338 821 1400 enim
851 1351 932 1418 opus
960 1343 1046 1413 erat,
1080 1343 1116 1394 ut
1137 1341 1354 1415 optaretur
1386 1334 1446 1398 diis

199 1449 382 1531 auspicibus
404 1450 501 1512 lacus.
518 1450 597 1535 ipse.
619 1447 695 1511 luda
716 1450 773 1523 111,
798 1447 875 1511 108:
993 1443 996 1448 ’

286 1559 427 1624 Teucrum
446 1558 606 1622 Rhoeteas
622 1563 795 1637 proclamat
813 1558 964 1616 advectam
985 1555 1029 1614 cd
1046 1573 1122 1614 oruc

204 1647 206 1652 Ι
284 1667 520 1747 Optavitque
541 1667 644 1728 locum
664 1683 772 1744 reque.

191 1765 260 1856 ΙΠΙ,
286 1773 360 1836 132:

283 1885 373 1964 Ergo
393 1886 505 1944 ovidae
527 1903 635 1944 roaros
655 1888 820 1961 optatae
842 1880 953 1940 mollor
973 1879 1071 1939 ordia.

202 1990 230 2070 1,
253 1987 330 2052 425:

285 2096 371 2157 Pura
391 2103 528 2177 optare
549 2096 652 2159 locum
673 2104 763 2161 tecto.

203 2199 297 2264 Hauc
320 2202 401 2264 cuim
424 2219 538 2264 vocem
559 2211 628 2266 tam.
646 2202 831 2266 sollemnem
852 2203 905 2265 hic
926 2221 1000 2265 esse
1021 2220 1113 2283 reor,
1146 2190 1239 2281 quam
1267 2203 1298 2264 iu
1333 2211 1446 2284 optata

204 2308 308 2372 hostia
329 2304 412 2392 apud
434 2311 575 2378 Festum.
607 2310 731 2376 Deinde
761 2313 830 2373 solo
859 2312 939 2374 satia
967 2320 1135 2394 spectato,
1165 2309 1258 2396 quod.
1283 2310 1447 2376 includere

203 2415 322 2478 vellent
338 2417 486 2501 spatium,
507 2427 612 2483 aratro
635 2420 848 2483 circumducto
870 2421 998 2504 signare
1018 2420 1173 2483 solebant.
1194 2420 1240 2505 V,
1261 2418 1340 2482 755·

289 2528 417 2590 Interea
438 2527 567 2591 Aenea.
588 2529 696 2590 urbem
718 2511 830 2606 deniq
839 2537 908 2590 oct
927 2536 1075 2589 aratra

204 2633 257 2697 ubi
279 2633 431 2697 Servius·
455 2635 578 2714 „Quem
602 2634 715 2700 Cato'
707 2655 737 2696 ru
761 2636 831 2719 orig
810 2637 933 2698 ciuibus
955 2635 1028 2698 dicit
1056 2652 1174 2696 morem
1195 2633 1307 2698 fuisse.
1352 2633 1447 2696 Coo

205 2741 323 2806 ditores
344 2743 426 2806 enim
449 2743 590 2807 civitatis
611 2752 734 2808 taurum
755 2744 787 2806 iu
809 2742 970 2819 dextram,
1002 2754 1136 2818 vaccam
1157 2741 1347 2806 intrinsecus
1374 2740 1447 2802 iuu-

203 2850 333 2932 gcbaut,
358 2862 391 2914 et
410 2851 538 2914 incincti
560 2852 621 2912 ritu
646 2850 771 2914 Gabino
793 2851 811 2911 i.
835 2871 863 2912 e.
885 2859 983 2934 togac
1004 2858 1094 2930 parta
1110 2860 1205 2930 caput
1220 2849 1330 2928 velati,
1354 2858 1447 2928 parte

206 2963 359 3025 succincti
380 2963 528 3025 tenebant
558 2963 676 3023 stivam
696 2961 875 3040 incurvam,
907 2969 943 3020 ut
968 2958 1083 3040 glebae
1117 2975 1228 3021 cornea
1257 2957 1447 3019 intrinsecus

206 3068 367 3153 caderent,
389 3079 421 3131 et
441 3069 485 3132 ita
505 3055 596 3133 sulco
618 3067 714 3130 ducto
738 3067 810 3128 loca
833 3086 993 3131 murorum
1010 3064 1219 3149 designabant
1247 3072 1354 3129 aratra
1384 3083 1446 3126 su·
1498 3116 1499 3121 ,

205 3175 398 3259 spendentca
420 3180 506 3240 circa
527 3177 599 3240 loca
619 3175 808 3258 portarumf‘
831 3175 883 3237 cf.
908 3174 1074 3236 Varrolr.
1095 3175 1132 3236 [ι.
1154 3173 1197 3236 V.
1213 3171 1331 3249 §.2143
1353 3171 1499 3252 „-0p
1498 3152 1499 3225 l

207 3284 281 3368 pida
305 3282 512 3349 condebaut'
504 3305 535 3346 ru
556 3275 650 3345 Latio
670 3283 842 3345 Etrusco
873 3283 971 3352 ritu,
1004 3289 1037 3344 ut
1060 3281 1174 3363 ruulta,
1201 3279 1235 3342 id
1255 3288 1307 3340 est
1327 3279 1451 3343 iunctis.

208 3393 320 3472 bobus,
343 3402 432 3455 tauro
454 3401 486 3454 et
506 3411 608 3460 uacca
629 3393 786 3475 interiore,
808 3403 913 3457 aratro
936 3390 1189 3472 circumagebant
1210 3377 1346 3451 sulcum.
1372 3386 1499 3450 Hoc

207 3501 368 3565 faciebant
387 3500 551 3584 religionis
573 3519 669 3563 causa
691 3500 743 3566 dic
765 3501 945 3582 auspicato,
975 3508 1010 3565 ut
1039 3499 1135 3562 fossa
1162 3504 1195 3558 et
1221 3515 1311 3560 muro
1334 3494 1499 3558 essent

208 3604 349 3677 muniti“.
370 3607 410 3673 lt.
432 3608 472 3674 lt
494 3610 538 3690 ΙΙ,
570 3609 596 3674 t.
625 3609 791 3690 Inscriptio
824 3603 1227 3673 oren.3683:1vssv
1250 3603 1446 3670 IMPERA-

206 3715 358 3781 'IORIS
385 3714 620 3784 CAESARIS.
654 3715 759 3794 QVA.
791 3711 1027 3780 ARATRVM.
1056 3715 1109 3776 Dl
1108 3712 1178 3776 C'l
1182 3715 1263 3776 VM
1285 3712 1380 3779 nst.
1413 3720 1446 3774 et
1498 3742 1499 3791 ι

209 3821 402 3884 Terracinae
424 3830 456 3884 ct
480 3820 610 3902 Capuae
639 3822 771 3884 inventa
793 3829 855 3882 est.
896 3820 974 3883 Inde
1003 3822 1134 3886 Aeneas
1161 3821 1239 3903 VII,
1260 3821 1329 3888 157
1362 3804 1499 3902 apud

212 3927 341 3990 fluvium
373 3915 561 4013 'Ihybrim
615 3991 617 3994 .

537 4016 612 4094 Illae
632 3991 746 4078 humlli
764 4020 956 4102 designat
974 4017 1098 4077 moenio
1114 4013 1216 4094 [orco

211 4116 279 4182 Sed
301 4120 423 4203 mirum,
444 4121 556 4210 quud
549 4144 579 4185 ru
601 4124 669 4206 ipsa
692 4123 889 4209 cartilagine
909 4144 973 4193 non
995 4123 1139 4203 solumi,
1147 4117 1218 4182 m
1236 4122 1447 4198 poradocere
1498 4098 1499 4167 ἶ

210 4246 336 4290 marom
356 4229 573 4314 aggrediatur)
597 4231 664 4294 scd
677 4231 753 4295 425:
1498 4224 1499 4249 *

221 4359 225 4364 ·
293 4337 380 4399 Pura
401 4345 511 4417 optare
529 4341 632 4402 locum
655 4345 735 4400 tacta
756 4347 790 4400 et
808 4340 1060 4401 concludar-e
1081 4337 1208 4398 culco.

210 4443 363 4512 Privatae
383 4443 489 4529 itaquo
503 4445 613 4510 aeden
628 4445 741 4510 codem
761 4447 905 4510 Euuaco
921 4442 1242 4508 ritarconaccrantur.
1266 4441 1371 4522 croc
1386 4463 1449 4506 nou
1498 4494 1499 4541 ,

210 4572 327 4618 revera
346 4553 478 4633 Iactum,
501 4553 622 4616 aadde
644 4554 767 4636 publico
787 4553 1015 4636 admiratum
1031 4539 1134 4616 aulum
1156 4551 1445 4635 aVcrg'ilictr‘aus-

212 4665 310 4726 latum
333 4681 407 4726 esse
422 4661 527 4730 credo.
547 4666 685 4728 Servius
707 4665 860 4746 explicat:
894 4665 1038 4745 „Vosaa3
1059 4664 1174 4726 civitas
1196 4663 1367 4743 cuim,oou
1385 4663 1444 4725 do·
1498 4658 1499 4727 l

215 4787 298 4852 mus,
320 4768 530 4834 circumdatur
551 4771 673 4832 sulco“.
697 4771 849 4834 Ceterum
869 4770 1009 4833 Isidorus
1039 4770 1118 4851 XV,
1138 4768 1223 4842 2,-3.
1253 4769 1335 4832 duos
1357 4773 1443 4833 locos
1498 4756 1499 4837 l
