3000 5184
456 159 512 224 tte
533 159 713 224 navibus.

47 349 104 413 aa
123 354 284 419 mni,
305 349 510 426 parmasque
531 343 608 422 iepit
627 344 666 404 de
686 341 793 402 eiam
812 341 991 419 iirerrrir,

48 465 254 540 Remigioque
274 464 372 536 optet.

1 575 47 654 git
67 571 110 652 V,
136 570 210 631 troz

47 681 275 756 lugentemque
293 671 386 751 Gyae
407 675 530 748 inperiti
548 669 629 731 meir
651 669 866 744 Chimaeram,

49 789 148 852 urio
168 804 260 866 opur,
282 782 443 859 triptici
466 781 565 859 pedor
587 797 681 859 quom
702 777 859 839 Dardano
879 791 1001 832 oerw

47 895 226 975 Inpaltunt,
240 898 363 954 ‘terno
387 893 584 966 eenaurprmt
603 886 694 947 ordi
700 903 748 944 rie
770 886 856 942 remi.

0 1007 31 1077 i,
55 1021 152 1084 quarn
175 1020 195 1062 e
215 996 400 1080 'thucydide
421 996 455 1074 1,
491 993 539 1056 13.
566 997 628 1054 iam
656 997 832 1059 corrueret,
857 987 1053 1050 Aminociem
1080 985 1206 1047 demam

1 1111 170 1173 orinthinm
196 1109 390 1170 triremos
411 1105 507 1166 mutto
529 1110 602 1185 post
624 1110 766 1179 tempora
784 1099 922 1158 'troiana
939 1092 1134 1173 condidisse,
1156 1093 1207 1156 aiii

1 1241 29 1282 m
48 1219 210 1300 viderunt,
232 1217 395 1280 Maronem
412 1213 612 1276 Homericam
630 1210 833 1270 subtilitatem
849 1206 1091 1284 veritatemque,
1114 1220 1208 1284 quarn

8 1329 139 1410 poliant,
162 1343 356 1409 nequaquam
379 1314 526 1386 aeonium
550 1339 634 1382 ease.
673 1319 715 1380 Hi
735 1337 815 1379 vero
835 1317 912 1378 remi
934 1333 973 1375 eo
994 1329 1122 1403 quoqne
1141 1309 1208 1370 dif-
1337 1319 1340 1325 '

0 1480 2 1485 ,
20 1445 76 1499 unt
97 1437 138 1497 ab
160 1435 351 1511 Homericis,
373 1430 456 1514 qnod
477 1449 553 1492 aere
575 1435 648 1489 sunt
670 1427 795 1505 firmati,
818 1424 900 1486 node
920 1426 945 1499 1,
964 1421 1014 1484 36.
1036 1421 1181 1481 Troiani:

56 1547 139 1608 Veto
159 1545 278 1604 dadam
298 1546 372 1604 teeti
390 1551 423 1604 et
442 1561 573 1620 spamae
594 1540 674 1601 aalr'r
695 1559 788 1599 nere
809 1538 951 1598 metant.

0 1686 1 1701 ι
26 1675 69 1718 -61
91 1657 135 1734 X,
155 1653 234 1716 214:

343 1757 478 1834 Compar
501 1756 581 1818 aelia
604 1775 694 1817 aere
715 1758 874 1815 recederat.

3 1887 80 1930 ¹»are
100 1887 178 1928 vero
199 1883 341 1946 semperq
363 1884 434 1928 nam
459 1865 484 1947 i,
506 1865 584 1926 1042
605 1865 817 1940 Franpurrter
836 1867 915 1924 remi
935 1870 967 1922 et
988 1861 1033 1945 V,
1052 1860 1130 1924 205:

480 1973 584 2035 Acuto
605 1978 640 2034 in
661 1977 778 2034 murice
797 1977 878 2033 remi
1000 1991 1008 2008 ’

52 2084 175 2146 odoini
195 2103 352 2160 crepuere.
1154 2137 1157 2141 ,

6 2195 107 2258 ,303
129 2193 180 2270 X,
202 2191 276 2254 306.
299 2191 502 2274 Quapropter
525 2207 605 2271 opus
630 2199 697 2272 est,
726 2198 760 2251 ut
781 2187 934 2250 interdum
955 2187 1136 2267 suppleatur
1156 2206 1211 2248 re-

7 2305 116 2386 igium.
161 2303 208 2364 lta
230 2305 372 2365 Helenus
396 2303 455 2386 111,
477 2301 547 2363 471.
570 2303 701 2363 Aeneae

54 2415 233 2488 Remigium
253 2395 390 2491 repplet,
411 2413 515 2469 rector
534 2409 632 2469 aimei
649 2412 783 2468 instruit
800 2410 909 2467 ormir.

2 2541 21 2582 e
43 2517 228 2586 vehementi
249 2517 465 2598 remigantium
488 2520 552 2579 ietu
574 2515 725 2593 111,5ou.
747 2513 877 2575 dieitur:

25 2617 28 2621 ¹
615 2625 778 2698 Inaurpite
795 2627 899 2681 rrmr'r.

3 2737 23 2798 d
46 2737 209 2818 remigium
231 2736 275 2816 V,
299 2733 367 2798 136.
389 2731 459 2796 663
481 2731 553 2796 752.
575 2738 759 2791 transtra
779 2746 905 2810 quoque
926 2725 1102 2808 pertinent,
1129 2743 1213 2806 quo-

0 2863 42 2905 m
65 2863 179 2906 nornen
200 2843 257 2924 111,
278 2845 349 2906 339.
392 2843 451 2918 tv,
471 2838 542 2902 373

58 2976 127 3039 Sed
147 2985 273 3058 praeter
294 2993 397 3036 remos
420 2981 619 3054 transireque
640 2973 719 3034 aiiae
741 2973 835 3035 etiam
847 2969 1044 3052 spectandae
1056 2981 1131 3034 sunt
1152 2992 1214 3034 na·
1311 3056 1313 3059 Ι
1388 2947 1447 3043 3}
1493 2932 1495 2975 ³

9 3105 62 3148 um
89 3093 209 3166 partes.
253 3085 449 3146 Notissimae
479 3092 550 3145 sunt
579 3103 742 3165 prorae,
777 3101 857 3163 qnae
878 3089 1045 3143 aeratae
1065 3081 1115 3161 X,
1144 3079 1215 3145 2⁶2³.

4 3203 143 3270 cantur,
163 3193 193 3254 in
215 3193 393 3275 quibusque
414 3201 546 3253 rostra
566 3199 640 3254 sunt
661 3191 736 3272 fixa,
760 3211 842 3273 quae
865 3191 909 3269 V,
935 3189 1001 3254 113.
1034 3192 1126 3272 Vlil,
1143 3192 1216 3254 690.

41 3302 87 3362 rei
112 3297 278 3363 veritatem
303 3319 457 3383 expressa
477 3303 625 3362 tridentin
645 3301 849 3380 appellantur.
892 3299 943 3364 Cf.
966 3302 1010 3382 X,
1036 3301 1108 3377 295.
1132 3302 1217 3362 Tar-

16 3413 102 3472 ontis
124 3407 390 3472 adhortationem:

515 3519 682 3578 Inimicum
703 3517 851 3595 findite
872 3521 985 3577 restria

61 3626 158 3687 Hanc
180 3632 310 3706 terrem,
331 3626 517 3707 sulcumque
538 3628 600 3687 ridi
615 3632 741 3704 premat
759 3627 830 3702 ipoo
850 3630 972 3686 carine.

7 3755 131 3801 ormam
151 3737 183 3796 in
207 3738 309 3798 numia
331 3744 364 3797 et
385 3735 515 3817 picturis
536 3735 673 3816 antiquis
694 3734 803 3799 habes.

63 3847 114 3908 De
143 3847 353 3928 puppibus
384 3845 495 3909 deinde
531 3857 637 3909 notatu
662 3846 812 3930 dignum,
842 3842 925 3927 qnod
948 3843 991 3918 V,
1019 3838 1089 3904 633.
1113 3846 1238 3921 pictae

3 3959 89 4029 ieie,
111 3955 154 4030 V,
178 3954 245 4018 198.
265 3976 358 4018 nereo
381 3956 573 4038 appellatur,
595 3956 724 4036 dignius
745 3954 838 4031 Vnt,
859 3951 937 4015 aaa:

66 4061 167 4122 Tanta
187 4064 267 4124 mole
284 4067 346 4126 oiri
372 4068 545 4130 torritii
563 4064 721 4142 puppibus
742 4067 873 4126 instant.

11 4184 33 4246 ri
54 4186 192 4248 Servius
213 4183 321 4254 docter
368 4188 461 4252 ”Hoc
486 4186 526 4250 de
547 4187 676 4250 historia
699 4188 797 4250 traxit
804 4201 814 4263 3
841 4205 914 4248 narn
935 4186 1081 4269 Agrippa
1100 4189 1219 4267 primns

2 4311 43 4356 oe
64 4312 166 4376 genus
187 4294 316 4379 turrium
338 4295 467 4367 invenit,
489 4301 523 4356 nt
544 4294 585 4356 de
606 4295 756 4356 tabulatis
778 4293 882 4356 subito
896 4295 1108 4375 erigerentur,
1124 4291 1220 4355 simui

2 4409 173 4462 eventum
196 4410 284 4464 esset
316 4402 346 4464 iu
373 4403 546 4484 proelium,
577 4411 681 4464 turres
711 4402 857 4464 hostibus
888 4401 1110 4482 improvisae«
1152 4398 1220 4464 Sed

4 4528 43 4570 on
67 4525 125 4570 eas
146 4516 242 4588 poeta
264 4517 398 4593 tangere
419 4508 544 4572 videtur
566 4517 689 4587 turrea,
719 4526 803 4588 qnae
830 4505 871 4569 de
894 4509 1029 4570 nariim
1046 4509 1220 4589 improviso
1285 4501 1293 4507 “

2 4615 165 4697 rigantur,
188 4613 248 4676 aed
269 4632 352 4696 quae
373 4616 404 4676 in
425 4615 503 4695 ipsis
524 4613 609 4706 fixae
635 4622 731 4681 stant.
771 4615 841 4678 Iam
862 4613 1220 4697 corruperamus

3 4732 66 4785 :te
88 4721 232 4786 Caesare
252 4724 288 4784 B.
311 4722 384 4790 Cir.
404 4725 462 4800 111,
481 4724 542 4790 toz
560 4742 710 4806 noevum,
732 4726 815 4804 qnae
834 4731 904 4787 erat
921 4722 964 4786 ad
986 4718 1160 4784 nutodiam
1180 4718 1223 4780 air
