3000 5184
367 227 441 322 'lie
470 253 745 320 notificandi
768 255 922 318 ritibus.
1117 207 1121 219 Ι
1214 249 1276 316 in

36 435 131 521 neque'
146 451 328 526 cogeretur
348 439 388 504 ad
410 448 545 503 mortem
566 437 772 519 simarndam,
800 436 860 500 sed
881 436 975 519 qnasi
993 451 1056 499 aaa
1074 443 1191 516 sponte
1211 433 1281 500 deo,

33 569 96 613 sese
120 549 272 614 offerret.
296 546 472 612 Cloantho·
493 547 538 621 V,
559 546 637 610 Mt

110 658 212 718 Vobis
238 659 342 718 laetas
362 678 419 734 epo
441 658 500 718 bac
525 659 711 718 candmttem
733 659 768 716 ia
791 654 884 715 litore
904 663 1031 717 tuarum

106 763 372 828 constituam
393 771 487 826 acte
507 784 611 826 arar.

32 871 80 948 vi,
102 855 185 934 aaa}

102 979 273 1055 Quattuor
295 980 349 1040 iric
369 984 509 1060 primum
530 983 691 1058 uiprantr'a
712 987 804 1057 terpo
824 983 973 1040 tacentur

101 1089 358 1153 Constituit.

29 1193 188 1276 111,th

100 1304 151 1364 Et
171 1310 358 1367 statuam
380 1311 476 1366 ante
496 1323 592 1366 arar
614 1308 729 1365 aurata
747 1305 857 1383 fronte
877 1307 1053 1364 iuvencam.

28 1411 152 1474 Aeneas
174 1431 272 1476 suem
294 1413 385 1493 Vlll,
406 1412 462 1474 85:

105 1520 245 1582 Mactat
262 1541 358 1582 sacra
376 1523 489 1602 serena
510 1526 542 1581 et
561 1539 633 1580 cam
653 1538 753 1596 prope
772 1520 893 1578 stetit
912 1519 1100 1578 adaram.
1191 1527 1195 1533 ’
1268 1501 1272 1507 ’

31 1625 192 1692 Sacerdos
216 1629 293 1710 xli,
317 1627 393 1690 171:

318 1739 526 1818 Adrnncitpac
545 1759 646 1818 pecua
662 1741 877 1819 [lamentabar
897 1739 976 1799 aria.

32 1838 234 1926 Quapropter
256 1861 355 1906 cornu
378 1843 559 1907 ducebatur.
582 1841 703 1928 Georg.
725 1845 771 1925 ll,
792 1842 872 1906 cut:

109 1957 162 2016 ut
195 1957 349 2016 ‘ductor
377 1973 501 2015 corna
533 1957 774 2019 stabitaaeer
795 1956 931 2036 birqaae
952 1952 1135 2014 adaram.
1259 1976 1263 1984 ·
1313 1960 1317 1968 '

32 2057 117 2136 Quod
140 2064 291 2126 Macrob.
314 2063 370 2143 lli,
391 2060 421 2152 5.
444 2063 488 2122 ita
511 2063 666 2140 explicat:
696 2062 929 2126 »Observatum
951 2069 1005 2124 est
1040 2079 1060 2122 a
1090 2056 1278 2122 sacrifican-

33 2167 120 2250 tibus,
151 2183 202 2253 ut,
231 2171 259 2230 si
278 2169 395 2249 hostia,
422 2187 509 2251 quae
537 2166 579 2231 ad
599 2187 672 2236 aras
703 2169 892 2251 duceretur,
913 2171 1029 2233 fuisset
1054 2167 1279 2230 vehementius

34 2276 199 2359 reluctata,
225 2276 493 2360 ostendissetque,
506 2295 543 2338 se
557 2279 690 2340 invitam
712 2278 1049 2357 altaribusadmoveri,
1063 2287 1281 2362 amoveretur,

35 2386 102 2463 quia
124 2387 229 2448 invito
252 2386 313 2448 deo
332 2384 437 2447 offerri
460 2403 532 2448 eam
561 2385 723 2465 putabant.
755 2386 847 2464 Quae
867 2395 974 2449 autem
1002 2369 1204 2448 stetisset·
1219 2389 1280 2449 ob·
1312 2460 1314 2464 ³
1421 2436 1425 2442 .

35 2489 104 2573 lata,
126 2493 214 2556 bauo
234 2494 353 2555 volenti
373 2494 492 2556 numini
514 2491 580 2556 dari
608 2494 862 2556 existimabant«
900 2494 1007 2557 Garun
1028 2496 1178 2584 victimas
1208 2495 1281 2558 duci

36 2595 115 2662 haud
138 2617 215 2663 raro
234 2593 266 2661 in
288 2601 500 2663 monumentis
524 2601 652 2662 obvium
678 2579 737 2664 est

111 2708 142 2770 4.
186 2707 323 2772 Hostiae
348 2709 393 2771 ita
421 2706 579 2772 adductae
602 2709 677 2771 vino
698 2709 728 2769 in
755 2709 891 2772 frontem
911 2708 966 2770 vel
986 2711 1070 2770 inter
1089 2727 1208 2772 cornua
1228 2709 1280 2772 ia-

37 2811 103 2878 iuso
124 2816 312 2898 probatio
335 2816 558 2900 peragebatur.
602 2818 763 2890 iuvencos
783 2817 845 2899 VI,
867 2816 946 2879 att:

113 2927 290 2990 Constituit
304 2928 471 3006 [rectique
491 2929 627 3002 iavereit
648 2928 722 2985 vina
744 2926 905 2985 sacerdos.

38 3030 85 3096 ubi
107 3032 263 3095 Servius:
285 3033 341 3092 oln
363 3039 475 3111 quarto
497 3032 579 3105 (61.)
599 3032 659 3092 ait:
693 3030 804 3090 Media
824 3035 908 3091 tator
930 3050 1051 3094 corana
1075 3037 1202 3114 sawt,
1237 3035 1282 3102 Et

38 3135 167 3202 fundere
188 3148 240 3200 est
260 3142 374 3220 supina
395 3157 489 3202 mann
505 3139 615 3221 libare,
636 3139 719 3222 quod
733 3139 770 3200 ut
788 3140 819 3201 in
833 3140 936 3202 sacris
956 3144 1115 3223 supernis,
1137 3161 1276 3228 vergere

38 3255 136 3312 autem
161 3256 213 3310 est
235 3265 392 3311 conversa
413 3248 444 3308 in
463 3247 626 3308 sinistram
647 3253 769 3327 partem
791 3264 886 3308 mann
906 3249 952 3310 ita
968 3247 1114 3333 fundere,
1126 3261 1278 3332 atpatcra

39 3365 252 3436 convertatur,
273 3353 358 3437 quod
383 3355 415 3417 in
436 3355 566 3418 infernis
594 3357 696 3417 sacris
722 3355 769 3418 lit.
811 3358 904 3419 Haeo
925 3367 1030 3422 autem
1062 3361 1218 3448 pertinent
1238 3361 1281 3424 ad

38 3461 234 3528 victimarum
255 3464 516 3544 explorationem,
540 3472 584 3539 ut,
608 3463 636 3524 si
656 3484 718 3525 non
740 3470 930 3546 stupuerint,
962 3477 1058 3548 aptae
1079 3469 1279 3550 probentur«
1364 3508 1366 3512 -

39 3567 234 3653 Sequebatur
255 3569 369 3632 deinde
390 3571 545 3644 salsarum
579 3568 704 3654 frugum
725 3572 778 3632 vel
800 3575 902 3634 molae
923 3575 1033 3636 salsae
1055 3578 1086 3637 iu
1108 3586 1205 3658 caput
1227 3577 1279 3638 in-

40 3677 140 3756 iectio,
160 3697 244 3761 quae
265 3679 390 3761 proprie
412 3679 569 3741 inmolatio
590 3681 776 3743 vocabatur.
816 3683 935 3746 Postea
956 3682 1146 3746 vocabulum
1168 3683 1280 3746 immo-

39 3783 107 3848 latio
129 3786 171 3848 de
192 3787 261 3866 ipsa
284 3786 478 3848 mactatione
502 3785 621 3848 dictum
644 3797 704 3848 est.
727 3787 867 3853 Festus:
889 3791 1005 3870 „blola
1027 3791 1121 3850 etiam
1145 3797 1281 3852 vocatur

42 3891 84 3954 far
100 3903 220 3958 tostum
243 3900 276 3954 et
299 3894 368 3954 sala
388 3910 547 3975 sparsum,
571 3893 656 3974 quod
678 3913 716 3954 eo
740 3896 846 3956 molito
870 3897 996 3959 bestiae
1028 3891 1281 3979 aspergantur.“

40 3999 234 4064 Memoratae
255 4001 316 4062 iam
336 4000 465 4080 saepius
487 4007 563 4060 sunt
585 4003 628 4079 ll,
652 4001 722 4069 133.
743 4006 873 4066 Sinonis

117 4112 165 4172 ut
182 4109 291 4170 eahae
307 4109 427 4187 [rupes
445 4113 477 4167 et
497 4112 614 4174 circam
635 4115 778 4188 tempora
797 4117 902 4177 vittae.

44 4213 111 4300 xil,
137 4216 210 4278 172:
429 4297 432 4303 v

117 4327 174 4388 lta·
192 4328 436 4404 adsumentem
457 4329 603 4387 coaomi
623 4325 743 4388 lumina
765 4309 872 4390 echm-

117 4437 209 4498 nant
224 4438 340 4516 [rupea
360 4437 506 4498 maaibm
527 4438 652 4498 salona·

45 4542 99 4628 IV,
116 4544 194 4607 5173

108 4644 193 4734 ‘Ipsa
215 4652 298 4714 mola
319 4649 526 4732 manibusque
543 4656 607 4729 pita
629 4653 744 4712 altaria
765 4658 861 4714 iacta
884 4685 922 4698 -

124 4763 273 4825 Tectabtr
293 4765 448 4824 moritura
469 4761 553 4820 deoc.
