3000 5184
543 202 599 264 lle
620 202 787 284 legione.

124 385 306 468 Adparent,
326 388 424 464 primi
442 383 560 463 alipene
579 389 771 465 mentitaque
790 386 856 446 ota

122 493 347 571 Adpnoarnnt,
370 495 473 572 adque
494 511 552 554 ora
570 509 649 554 torto
669 493 827 554 ttreorttc
845 495 986 569 sinuant.

35 605 176 679 et'qnnnt
192 600 350 683 explieat:
373 600 571 684 ndeaignaut,
594 607 647 663 aut
667 618 724 681 per
752 611 889 682 uocem,
920 609 976 663 aot
1004 619 1062 682 per
1088 602 1281 686 symbolum,

38 729 102 792 qao
128 713 226 776 utitur
244 715 441 774 exercitum
463 711 660 792 Quamquam
676 727 737 770 non
749 709 947 792 negaverim,
966 728 1025 772 cre
1038 729 1116 774 nono
1127 715 1283 776 mecentio

36 820 157 884 mirum
186 820 219 882 in
249 819 376 882 modum
407 818 449 882 do
481 817 655 900 linguarum
682 815 862 878 differentia
882 815 961 899 diei,
996 837 1092 900 quom
1122 840 1278 902 nunqnam

37 923 192 992 Graecei
213 929 274 992 elia
296 947 335 991 ac
357 929 513 990 Troianos
534 944 611 989 usos
634 943 710 988 enne
730 943 816 987 voce
831 932 928 1007 poeta
946 925 1118 1012 significet,
1150 933 1184 990 in
1204 947 1280 992 ner-

36 1041 189 1102 monibus
211 1040 293 1101 alter
314 1055 440 1118 semper
457 1037 591 1104 nltarmn
612 1034 778 1117 intelligat.
801 1033 921 1096 Contra
942 1051 982 1096 ne
1002 1034 1043 1096 tle
1053 1035 1200 1116 symbolo
1222 1039 1240 1100 i.
1252 1059 1281 1100 e.

36 1155 168 1210 tessera
188 1146 355 1228 accipiam,
378 1143 556 1224 prohibebit
575 1141 767 1216 vocobulum
788 1161 888 1203 aenne
908 1140 948 1203 de
968 1146 1063 1230 pigno
1084 1145 1280 1207 militarivo-

37 1255 99 1318 cali
122 1274 188 1318 non
209 1254 304 1316 facile
322 1252 503 1316 admbitun.
526 1254 575 1314 lta
595 1252 693 1334 igitur
713 1254 850 1330 priorum
873 1252 1086 1335 intelligemus
1107 1256 1222 1330 locum,
1244 1265 1280 1317 ut

39 1381 104 1424 non
127 1361 195 1425 lida
214 1361 334 1421 satiei.
357 1360 515 1435 eumicn,
546 1357 691 1422 familiari
717 1361 840 1419 ratione
866 1356 951 1420 edito
977 1377 1133 1440 responsa
1162 1364 1281 1426 intelli-

38 1475 171 1550 gantur,
194 1468 419 1549 posteriorem,
445 1476 482 1530 ot
508 1467 540 1528 in
567 1465 629 1528 hoe
649 1465 869 1546 proeliantium
900 1486 1075 1552 concursu,
1106 1488 1170 1551 quo
1200 1471 1277 1533 falsi

40 1575 137 1656 clipei
157 1575 305 1656 falsaque
326 1594 415 1638 arma
433 1575 728 1658 cognoscebantur,
749 1553 851 1636 ¹vocis
878 1579 975 1637 etiam
995 1579 1158 1658 popularis
1179 1577 1278 1642 ‹liffe-

39 1687 144 1748 rentia
165 1703 185 1748 e
207 1685 341 1747 Marone
363 1682 404 1744 ael
425 1680 657 1764 dignoscendos
678 1682 792 1744 linetae
811 1681 904 1744 inerit
924 1701 1039 1745 revere
1060 1693 1180 1748 notata.

125 1793 280 1857 Ceterum
288 1792 430 1876 Vegetio
439 1794 481 1874 Il,
498 1790 527 1853 ⁷.
547 1799 634 1854 teste
646 1793 741 1853 etiam
761 1791 1062 1854 nemen-ticino
1077 1803 1280 1876 praeceptum

40 1901 150 1986 ducis,
171 1920 234 1984 quo
255 1901 308 1962 vel
329 1901 370 1964 ad
389 1917 484 1982 opus,
505 1901 558 1962 vel
578 1898 619 1962 ed
641 1899 756 1962 bellum
783 1908 932 1964 movetur
958 1903 1151 1964 exereitum
1182 1911 1280 1984 atque

39 2010 231 2086 „tesserarii
254 2012 307 2091 qui
329 2019 483 2074 tesseram
504 2027 561 2090 por
580 2009 784 2072 contubernia
812 2008 944 2074 militum
970 2010 1139 2074 nuntiante
1184 2011 1278 2090 Quae

39 2121 236 2208 significatio
257 2120 342 2203 apud
361 2121 489 2184 bivium
510 2119 587 2198 Vll,
607 2117 661 2182 35.
681 2121 742 2202 IX,
761 2117 814 2182 32.
835 2119 1001 2182 invenitur.

538 2510 596 2565 lle
614 2509 789 2577 legione.

124 2680 323 2746 Mirabuntar
349 2697 444 2754 nane,
475 2678 590 2760 quibos
616 2677 894 2759 adseveraverim,
929 2678 1082 2764 lectoren,
1119 2683 1277 2764 legionem

38 2791 219 2856 Romanam
237 2809 299 2851 non
321 2790 446 2852 nomine
466 2791 586 2872 sulum,
616 2788 673 2851 ned
694 2807 810 2870 reapse
834 2797 869 2851 et
896 2807 1028 2851 numero
1049 2789 1081 2852 in
1101 2790 1277 2856 Aeneidem

39 2919 114 2963 ense
136 2900 306 2964 inductum.
347 2901 381 2962 N
383 2921 402 2962 e
430 2921 480 2963 me
503 2921 544 2964 ex
563 2901 691 2982 ingcnio
714 2919 802 2961 mero
822 2918 893 2962 eam
915 2898 1060 2963 derivare
1080 2900 1278 2986 arbitrentur,

39 3018 226 3092 computent
254 3010 336 3091 ipsi,
367 3027 449 3091 quos
470 3017 565 3092 poeta
585 3009 734 3072 versibus
756 3009 894 3074 condidit
912 3018 1011 3092 atque
1027 3007 1063 3071 in
1084 3027 1179 3073 onum
1201 2991 1276 3074 eor-

40 3141 99 3203 pus
125 3120 299 3203 copulavit,
320 3135 466 3181 numeros
488 3119 535 3200 X,
559 3118 668 3181 166-
683 3119 758 3182 184:
1178 3108 1180 3113 ’

123 3231 291 3292 Marcione
313 3235 421 3288 ceretu
440 3230 590 3305 princepe
609 3234 701 3288 cecat
718 3245 857 3307 aequora
877 3229 965 3310 tiprt,
1218 3227 1279 3290 166

125 3339 193 3402 Suo
215 3358 276 3418 qno
297 3337 406 3398 mille
425 3355 541 3398 manne
561 3340 708 3398 inoenntn
728 3367 771 3379 -
790 3368 832 3380 —

124 3447 200 3508 Uno
219 3449 324 3503 torona
343 3443 432 3505 Ater
453 3473 495 3486 -
931 3456 933 3465 '
1217 3442 1278 3504 170

123 3549 350 3613 Sescentoa
371 3551 422 3612 tttr·
442 3551 573 3612 denerat
589 3551 768 3630 Populonio
787 3558 888 3613 mater

124 3659 292 3738 Expertes
314 3660 386 3720 tent
405 3663 533 3721 incertae
544 3680 556 3738 ,·
578 3667 630 3722 not
646 3662 717 3722 Ilva
739 3669 945 3724 trecentos
972 3696 1014 3708 -

127 3769 254 3828 Tertiae
274 3768 328 3827 itte
351 3768 511 3827 bominum
532 3770 693 3848 debentque
714 3772 871 3848 interpres
891 3771 1006 3832 Asilae
1025 3804 1068 3816 -
1089 3803 1131 3818 -
1216 3769 1276 3833 175

123 3873 182 3937 Mt
188 3874 221 3934 tt
227 3894 245 3934 e
265 3877 351 3954 rapit
367 3875 484 3934 deneoo
504 3880 572 3935 octe
595 3877 697 3955 adque
718 3877 918 3939 horrentibus
937 3879 1042 3939 hostie
1060 3909 1100 3921 -
1122 3910 1162 3926 ·-
1183 3911 1224 3923 -

127 3984 372 4043 Tercentum
392 3983 544 4063 odierant,
566 4001 655 4043 mene
675 3985 819 4044 omnibns
834 4003 900 4045 nnn
919 3988 1079 4066 sequendi.
1217 3986 1278 4049 182

41 4120 146 4184 llabet
168 4119 276 4199 itaque
296 4119 344 4201 M,
366 4117 436 4195 DC,
466 4117 566 4198 000,
596 4119 646 4200 Μ,
677 4115 766 4181 000
787 4117 924 4191 militum,
954 4122 1008 4200 qui
1029 4118 1088 4182 tria
1106 4117 1191 4182 milit
1213 4119 1277 4182 do-

42 4235 155 4290 centus
176 4223 333 4304 efficiunt3
346 4224 471 4294 ,desunt
493 4233 614 4287 tantum
636 4234 774 4296 eentum,
799 4235 834 4288 ut
853 4225 976 4309 integer
999 4243 1148 4287 numeros
1166 4228 1275 4309 legio-

43 4335 90 4396 nis
113 4332 280 4396 Romanae
301 4331 450 4414 antiquae
471 4330 596 4397 evadat.
641 4329 704 4409 Qui
725 4331 873 4405 dnonas*
891 4330 975 4394 unde
995 4332 1038 4395 nit
1056 4345 1162 4418 omna,
1191 4358 1275 4400 non-

43 4440 114 4506 dum
137 4448 188 4503 eet
213 4440 245 4501 in
271 4447 424 4521 promptu
472 4438 628 4501 llortaese
658 4437 798 4520 Cinyrae
826 4447 859 4503 et
884 4440 998 4520 paucis
1026 4446 1175 4506 comitato
1204 4443 1275 4506 οιι-

43 4569 142 4630 pavo,
176 4547 231 4629 qui
258 4565 373 4610 navem
404 4535 625 4611 Centaurum
657 4555 840 4631 promovet,
876 4556 1006 4612 centum
1040 4557 1136 4630 poeta
1161 4549 1276 4616 tribuit

42 4661 218 4744 Legionem
238 4674 317 4720 vero
336 4655 402 4739 boo
420 4655 492 4720 loco
510 4655 680 4720 indicatam
703 4673 794 4734 esse,
821 4665 951 4721 movent
978 4676 1030 4720 me
1050 4659 1186 4720 maxime
1205 4666 1275 4720 ter·

44 4781 167 4841 eentum
188 4771 229 4833 illi
253 4771 329 4835 let:

982 4879 1038 4940 4*
