3000 5184
371 213 429 312 lle
448 211 775 298 goloopcassida
797 221 836 275 et
855 213 1008 298 galero.
1268 217 1311 294 73

52 397 84 460 in
106 415 179 479 quo
199 393 279 460 -talls
299 395 395 458 moris
413 396 529 458 nullum
551 393 742 457 cernendum
765 408 815 456 est
835 396 1018 481 vestigium.
1059 397 1139 463 'lale
1158 412 1309 480 „scutum

53 505 163 570 breve
191 513 223 569 et
245 500 440 568 rotundum“
482 505 597 568 Servio
618 511 704 566 teste
726 505 807 586 Vll,
840 504 966 568 tecet
997 506 1137 568 trabeam
1158 526 1310 592 augures,

50 613 162 676 Dialis
193 620 226 675 et
253 612 412 676 Martialis
437 610 591 674 sacerdos
618 613 800 696 gestabant
850 614 955 678 lteeoe
984 616 1080 698 igitur
1106 617 1204 680 Picus
1235 635 1307 681 cum

51 720 221 802 Quirinali
249 720 326 785 lituo
347 720 432 801 Vll,
456 719 532 782 188:

142 829 345 912 Succinctus
365 830 486 910 trabea,
509 801 661 911 haeque
682 830 818 892 ancile
833 834 975 908 peretot

51 968 192 1030 Ancilia
219 985 377 1052 expressa
403 967 558 1031 habentur
584 969 614 1031 in
636 966 766 1030 denario
786 973 941 1050 argenteo
969 966 1121 1047 Angusto
1156 974 1310 1050 regnante

53 1096 155 1155 cuso,
178 1079 210 1140 iu
226 1096 287 1159 quo
298 1076 421 1140 aredius
432 1078 628 1158 conspicitur
646 1074 782 1136 flaminis
798 1092 894 1154 apex,
905 1075 1083 1157 verboque:
1099 1077 1135 1138 P.
1152 1071 1309 1140 S'lobss.

51 1189 111 1250 nr.
136 1185 232 1252 vro.
253 1187 284 1247 re
305 1167 567 1268 nommant.
590 1183 672 1248 uari.
694 1183 774 1246 rao.
796 1184 988 1248 xxxvru.
1008 1204 1038 1245 n.
1064 1183 1144 1264 rao,
1166 1185 1217 1246 uer
1237 1184 1309 1246 rau-

53 1294 157 1358 datur
178 1293 289 1356 llortia
310 1293 451 1354 Histoire
473 1293 532 1355 des
555 1291 682 1355 Saliens
706 1310 736 1371 p.
762 1287 846 1365 1735
867 1306 959 1373 porro
980 1290 1010 1350 in
1032 1294 1309 1373 gemmallloren-

52 1405 121 1467 tina
149 1403 182 1465 in
203 1401 306 1464 Hoale
327 1399 466 1465 Galleria
488 1398 519 1460 di
543 1399 688 1461 Fireuce.
712 1396 865 1461 Commei.
886 1397 966 1466 rao.
985 1398 1072 1461 XXl.
1087 1419 1134 1464 nr.
1150 1402 1175 1464 l.
1188 1403 1308 1474 (Hilliu

54 1513 143 1575 uae.
158 1510 357 1576 unviti.
379 1529 426 1576 nr.
449 1508 548 1583 tte).

636 1760 670 1852 p.
695 1765 748 1829 eo.

375 1924 435 1980 ne
452 1925 582 1994 talea,
600 1923 765 1980 cassida
781 1927 824 1980 et
840 1925 995 1992 galero.

145 2109 243 2194 Apud
264 2111 436 2174 Homerum
458 2097 555 2196 κόρυς
575 2121 608 2174 et
630 2105 722 2198 κυνέη
744 2111 789 2175 ita
815 2112 962 2175 videntur
983 2111 1130 2194 differre,
1163 2119 1199 2176 ut
1226 2112 1309 2196 prior

58 2219 179 2300 eapitis
200 2227 413 2302 tegumentum
435 2239 478 2282 ex
499 2239 573 2282 aere
594 2221 776 2284 coniectum
804 2223 906 2287 maius
937 2231 1032 2303 atque
1060 2222 1216 2299 ornatius,
1247 2241 1310 2302 po-

59 2330 181 2392 sterior
207 2327 248 2391 de
275 2327 358 2409 petie
387 2328 487 2391 minus
517 2328 655 2391 solidum
683 2331 856 2414 significet
907 2330 1019 2395 Simila
1046 2329 1194 2412 quiddam
1222 2327 1307 2412 apud

59 2436 241 2520 Vergilium
272 2443 322 2497 est
348 2434 600 2512 observandum,
635 2435 719 2516 quod
748 2435 800 2517 qui
822 2454 841 2497 o
865 2433 993 2499 Graeca
1014 2437 1216 2518 antiquitate,
1245 2455 1309 2498 non

59 2564 102 2608 ex
126 2547 209 2609 vivo
224 2562 325 2605 rerum
341 2543 518 2605 militarium
535 2553 670 2624 aspectu
686 2544 867 2626 quotidiano
883 2543 1044 2606 deducere
1060 2544 1148 2619 velit,
1170 2561 1307 2626 magnae

58 2655 180 2718 montis
201 2654 331 2734 inopiae
350 2652 504 2714 incusarit
523 2661 660 2734 poetam.
693 2651 853 2715 Differunt
874 2651 968 2727 enim,
989 2652 1047 2713 nisi
1064 2651 1166 2734 fallor,
1188 2652 1310 2735 galea

61 2775 97 2828 et
118 2765 288 2850 galerus
309 2757 422 2820 eadem
444 2760 653 2839 proportione.
683 2755 788 2822 Galea
809 2761 945 2819 erectior
967 2765 1018 2819 est
1040 2765 1073 2818 et
1095 2756 1223 2838 tirmior,
1245 2776 1310 2838 ga-

58 2873 149 2936 lerus
177 2867 359 2962 depressior
386 2869 554 2948 minusque
592 2866 737 2929 decorus.
792 2863 894 2962 Galea
930 2873 982 2928 est
1016 2867 1082 2928 olto
1109 2865 1195 2948 Vll,
1224 2864 1308 2950 785„

60 3002 160 3046 aereo
182 2980 225 3060 X,
251 2975 337 3058 836„
367 2975 634 3057 aurea1x‚50.,
663 2977 815 3054 Arpoiica
835 2975 878 3051 V,
900 2973 984 3057 314„
1014 2975 1226 3058 heroibusque
1249 2975 1310 3038 tri·

60 3089 171 3152 buitur
200 3082 327 3149 virtutis
355 3079 450 3143 laude
480 3082 722 3163 probatissimis.
775 3081 915 3163 Quorum
941 3082 1055 3165 galeae
1084 3092 1118 3146 ut
1148 3084 1305 3147 terribiles

60 3198 171 3281 magis
190 3191 361 3257 reddantur
383 3190 637 3276 horridioresque
657 3193 783 3276 intuitu,
806 3193 1139 3275 cristaoaddontnr,
1161 3214 1243 3278 quae
1265 3214 1308 3258 ex

60 3325 166 3369 cono
202 3311 405 3388 emergentes
440 3319 628 3386 unaquaque
666 3301 782 3383 capitis
824 3303 1034 3364 commotione
1075 3305 1303 3366 concutiuntur.

60 3415 209 3480 Helenus
231 3414 364 3474 Aeneae
385 3410 483 3474 donat
506 3409 662 3488 111,4ee:

147 3523 196 3585 Et
216 3539 355 3584 conum
375 3522 513 3597 ineiprris
530 3518 643 3596 paleae
664 3522 892 3597 cristaeque
913 3521 1079 3580 commotis.

63 3655 198 3720 Aeneas
217 3655 287 3734 ipsc
308 3651 409 3731 viti,
440 3647 514 3712 620.
536 3665 557 3712 a
578 3647 723 3712 Volcano
745 3647 900 3726 effictam,
929 3668 950 3713 a
973 3658 1074 3712 matre
1091 3648 1224 3717 mimam
1245 3649 1307 3716 mi-

66 3770 173 3826 ratur:

153 3869 333 3934 Terribilem
352 3866 500 3930 cristis
519 3864 647 3943 poleam
663 3869 873 3944 flammasque
893 3870 1075 3928 comentem.

66 3992 253 4060 Mezentius
274 3989 333 4054 ruit
353 3989 384 4050 in
405 4005 543 4072 pugnam
564 3989 607 4064 X,
626 3987 711 4052 869:

149 4096 236 4161 Aere
257 4103 356 4176 eaput
370 4098 503 4178 scalpens
524 4101 723 4176 cristaque
746 4097 894 4163 birrubrs
916 4099 1072 4177 equino.

68 4229 227 4314 Quoniam
247 4248 326 4294 vcro
346 4229 386 4292 ab
408 4245 560 4310 equorum
587 4243 680 4290 coma
707 4227 739 4292 bi
764 4214 864 4312 λόφοι
891 4227 1121 4309 decerpuntur,
1150 4238 1304 4315 perpetuo

67 4339 135 4404 fere
156 4335 296 4420 epitheto
317 4335 491 4400 rubentium
513 4341 670 4396 notamur.
710 4335 853 4398 Turnum
874 4335 933 4417 lx,
954 4332 1015 4398 502
1109 4403 1113 4412 ,

481 4441 686 4523 cristaque
706 4445 786 4522 tepit
801 4442 898 4522 paleo
917 4462 1017 4506 aureo
1036 4445 1179 4514 rutra.

70 4551 183 4618 llidem
203 4549 365 4634 lxjidi:
1077 4616 1081 4624 .

478 4654 636 4724 [romarii
653 4658 688 4720 ia
705 4658 823 4720 cornea
842 4661 1001 4723 cristae

151 4765 433 4848 &capsiana
