3000 5184
194 281 253 344 198
621 281 678 343 De
704 275 979 344 divinatione.
996 275 1031 358 'll

274 465 378 528 Arma
400 471 483 527 iuter
503 468 619 528 nubem
637 466 719 527 cu'cla'
737 469 772 526 ἐπ
793 467 920 544 reqione
934 467 1054 527 'cereno
1125 447 1129 458 ’
1176 453 1179 461 ”

277 574 342 634 Per
362 574 478 634 sudum
499 572 632 634 rutilare
652 574 759 633 uideat
777 580 810 634 et
825 573 922 650 pulso
942 580 1061 634 lauare.
1389 645 1393 658 Ι

195 679 292 742 Plura
313 679 364 740 hie
382 683 477 758 signa
503 682 672 742 coniuncta
700 687 795 762 sunt,
831 688 1005 743 memoratu
1033 699 1111 741 vern
1133 677 1320 764 dIgnissima
1352 698 1448 742 arma
1482 755 1483 758 Ἴ

195 791 277 866 visa,
299 808 429 872 quorum
451 789 561 851 similis
576 791 689 851 saltem
710 793 839 868 species
862 789 935 849 lriv.
951 789 1060 870 XLII,
1080 787 1116 852 22
1133 789 1296 862 „Lanuvii
1319 788 1448 851 classis

196 889 332 981 magnae
352 899 478 978 species
498 899 527 960 in
551 897 639 958 caelo
666 897 758 959 visae
789 893 1008 960 dicebantur<
1050 899 1132 962 XXI
1140 943 1149 970 ,
1182 897 1238 962 aaz
1269 900 1448 980 „Navium

194 1007 336 1086 speciem
357 1003 397 1064 de
417 1003 506 1064 caelo
531 1003 743 1065 adfulsisse.“
787 1003 893 1086 Magis
921 1013 1026 1065 tamen
1055 1005 1096 1066 ad
1120 1004 1257 1087 Vergilii
1280 1007 1448 1068 narratio-

196 1131 267 1173 nem
290 1112 412 1174 aecodit
433 1112 540 1193 XXII,
565 1111 598 1176 1:
619 1112 739 1193 „Arpis
760 1130 888 1192 parmas
909 1113 939 1173 in
963 1111 1053 1174 coelo
1071 1113 1161 1175 visas
1176 1119 1447 1194 pugnantemque

109 1261 113 1266 -
142 1209 145 1225 ⁴
197 1239 268 1283 cum
290 1221 363 1282 lune
384 1218 520 1286 solem.“
542 1223 686 1284 Maxime
707 1223 788 1292 Plin.
807 1223 849 1284 N.
865 1223 906 1284 Η.
928 1225 972 1302 Π,
994 1222 1053 1287 58:
1074 1223 1268 1304 „Armorum
1290 1224 1446 1304 crepitus

198 1336 230 1390 et
251 1330 367 1391 tubae
388 1331 547 1393 sonitus
577 1329 783 1410 [ibrrbeuus
810 1333 903 1392 tuboe
933 1333 1065 1408 clouqor
1100 1330 1216 1414 Verg.]
1258 1328 1396 1393 auditos
1429 1350 1447 1391 c

199 1437 288 1500 caelo
319 1437 490 1501 Cimbricis
517 1440 607 1501 bellIs
634 1439 832 1520 accepimus,
872 1440 1047 1520 crebroque
1076 1448 1109 1501 et
1139 1443 1227 1522 prins
1245 1447 1287 1502 *et
1313 1446 1447 1518 postea.

199 1545 307 1607 'I'crlio
329 1565 407 1607 vero
429 1547 595 1608 consulatu
616 1546 710 1608 Marii
733 1545 773 1608 ab
794 1547 952 1608 Amerinis
979 1554 1013 1606 et
1034 1543 1225 1607 Tudertibus
1254 1556 1449 1627 spectata

198 1671 306 1716 arma
327 1651 546 1734 caelestia,
579 1655 618 1716 ab
648 1661 718 1715 ortu
748 1671 931 1734 occasuque
960 1653 1041 1714 inter
1068 1672 1105 1715 se
1126 1657 1447 1737 concurrentia,

198 1758 296 1842 pulsis
325 1780 408 1842 quae
436 1760 475 1821 ab
511 1778 630 1823 occasu
660 1769 777 1822 erant«
821 1761 914 1823 Alius
945 1761 1030 1842 ignis
1065 1745 1220 1824 coelestis
1251 1772 1448 1824 memoratur

200 1869 281 1931 Aen.
303 1870 363 1951 lX,
382 1870 463 1933 ‘Itur

163 2059 166 2063 ¹
281 1979 343 2038 Hic
361 1981 501 2055 primum
526 1997 608 2040 nocu
630 1981 691 2049 lud>
710 1979 813 2047 aculis
833 1980 961 2061 offulsit,
984 1986 1016 2041 et
1034 1985 1148 2066 insum

288 2087 386 2148 Visus
409 2088 447 2148 ull
468 2088 598 2156 Aurora
618 2090 740 2154 caelum
762 2068 984 2150 transcurrere
1005 2092 1130 2154 ututur

285 2199 438 2288 [uaeque
458 2199 557 2269 ebor-t

203 2303 295 2384 Quod
317 2309 355 2368 ab
376 2306 506 2369 Aurora
525 2307 650 2371 nimbus
670 2311 873 2393 transcurrit,
895 2310 1051 2397 consentit
1070 2328 1140 2374 cum
1163 2305 1325 2394 prodigio,
1362 2306 1447 2390 quod

206 2411 319 2473 Livius
347 2413 480 2491 XXIX,
512 2413 560 2474 14.
592 2423 713 2476 narrat:
757 2415 894 2476 „Facem
922 2417 1034 2478 Setiae
1068 2415 1236 2478 abortu
1267 2417 1377 2478 solis
1408 2415 1447 2478 ad

204 2519 400 2584 occidentem
428 2522 547 2604 porrigi
572 2525 707 2582 visamo
737 2521 1008 2600 Quemadmodum
1028 2543 1106 2585 vero
1128 2524 1217 2593 VIII,
1242 2525 1314 2589 524.
1338 2525 1448 2610 fragor
1482 2529 1483 2532 ’

203 2626 372 2709 fulgorque
395 2628 554 2690 coniuncti
575 2637 666 2705 sunl,
697 2629 741 2691 ita
769 2631 824 2711 II,
854 2629 924 2693 693.
947 2651 1010 2694 non
1030 2631 1134 2695 solum
1155 2637 1294 2694 interruit
1314 2633 1446 2716 laevom,

201 2735 274 2800 sed:

580 2851 629 2910 ut
649 2852 688 2910 de
708 2850 795 2911 caelo
816 2849 907 2926 lapsu
925 2868 985 2928 per
1005 2851 1134 2912 umbras
1215 2893 1218 2898 -

288 2952 390 3019 Stella
409 2957 654 3035 facem-ducens
675 2958 775 3027 multu
793 2976 864 3026 cum
885 2957 953 3026 luco
974 2961 1127 3025 cucurrit.

207 3060 259 3122 cui
281 3043 477 3141 comburetur
499 3064 572 3125 Liv.
595 3064 682 3145 XLI,
704 3063 761 3124 21:
803 3065 866 3126 alit
895 3064 984 3125 faces
1013 3063 1123 3125 eadem
1147 3071 1242 3126 nocte
1263 3065 1373 3147 plures
1395 3083 1446 3146 per

206 3165 328 3239 caelum
355 3169 464 3250 lapsae
492 3179 566 3234 sunt
594 3175 626 3233 in
647 3172 842 3234 Lanuvinae
870 3173 997 3248 xmo,
1026 3170 1081 3236 132
1126 3172 1265 3235 ”Facem
1294 3177 1326 3234 in
1361 3173 1445 3235 caelo

209 3285 414 3357 conspectam
441 3311 481 3323 —
512 3307 556 3324 -1
579 3282 748 3344 Minturnis
785 3301 910 3364 quaque
939 3304 996 3367 per
1024 3303 1082 3346 eos
1109 3282 1178 3346 dies
1200 3286 1281 3347 caeli
1307 3284 1445 3348 ardentis

208 3385 337 3465 species
358 3384 560 3457 adfulserat«
583 3387 664 3462 PIIn.
685 3390 730 3453 N.
742 3391 784 3462 Η.
808 3391 853 3464 11,
877 3390 933 3454 25:
960 3391 1125 3454 aElmicant
1146 3402 1180 3456 at
1200 3391 1300 3472 faces,
1325 3393 1447 3455 nonnisi

208 3513 280 3578 cum
303 3493 451 3558 decidunt
471 3496 573 3573 visae,
596 3497 697 3577 qualis
718 3496 910 3562 Germanico
932 3498 1076 3562 Caesare
1091 3499 1302 3584 gladiatorum
1317 3511 1446 3583 specta·

210 3606 313 3675 culum
335 3603 448 3667 edente
469 3616 670 3684 praeterera
690 3607 797 3689 populi
819 3597 988 3681 meridiano
1008 3587 1245 3671 transcucurrit.
1286 3611 1360 3672 Ilua
1386 3627 1445 3692 ge-

210 3730 286 3774 uera
307 3730 430 3778 earum;
456 3710 619 3793 lampades
640 3723 757 3774 vocant
777 3714 869 3800 plane
890 3715 999 3796 faces,
1027 3716 1160 3785 alterum
1183 3714 1324 3798 buddas,
1358 3716 1446 3799 quale

212 3818 446 3887 Mutinensibus
473 3819 564 3886 malis
593 3821 697 3885 visum
724 3829 785 3887 est.
828 3823 956 3884 Distant
978 3809 1060 3904 quod
1082 3822 1172 3885 faces
1193 3824 1336 3906 vestigia
1357 3824 1447 3904 longo

212 3924 333 3988 faciunt
352 3931 456 4008 priore
477 3929 608 3996 ardente
628 3938 738 4009 parte,
762 3931 842 3993 bolis
865 3938 944 3994 vero
966 3940 1119 4014 perpetua
1141 3931 1256 4001 ardens
1277 3931 1446 4016 langIorem

214 4031 308 4095 trabit
335 4035 492 4097 lunium«
535 4035 683 4118 Cognata
709 4037 760 4100 his
788 4048 820 4100 et
847 4039 997 4102 similibus
1016 4059 1067 4112 ¹es
1103 4037 1192 4120 lvisio
1220 4041 1317 4112 Tomi
1351 4039 1445 4110 ocuIIa

216 4143 340 4208 obiecta
360 4147 425 4230 IX,
450 4147 527 4209 19:⁴⁶
764 4157 767 4162 '

591 4259 684 4320 Unde
705 4259 784 4332 loeo
806 4267 870 4334 lun
891 4260 981 4332 aloru
1002 4267 1130 4348 repenle

303 4363 508 4455 multllm?
528 4368 663 4427 medium
683 4368 772 4428 uideo
792 4369 953 4429 discedere
974 4368 1109 4450 caelum,
1328 4369 1331 4376 '

297 4471 505 4552 Puluubbque
522 4473 595 4551 polo
617 4475 740 4550 stellas.

219 4574 373 4640 Servius:
416 4579 579 4643 »chasma
606 4581 682 4644 dicit
714 4585 834 4647 Iactum
862 4586 881 4646 i.
908 4602 934 4647 c.
964 4585 1101 4650 subitam
1124 4583 1209 4648 aeris
1230 4580 1445 4666 disruptionem

217 4693 250 4743 ct
273 4682 429 4765 quendam
452 4703 645 4751 recessum.»
676 4689 803 4752 Laudat
823 4691 935 4754 deinde
957 4693 1035 4756 Plin.
1057 4695 1100 4758 N.
1123 4695 1164 4756 H.
1185 4695 1227 4775 11,
1250 4692 1307 4756 aa:
1328 4691 1399 4755 nllit
1419 4695 1446 4752 et
1482 4723 1483 4768 3

220 4793 303 4865 caeli
322 4791 421 4885 ipsias
440 4789 555 4868 hiatus,
576 4795 660 4888 quod
680 4807 797 4860 vocant
817 4798 974 4870 chasmate
1000 4799 1050 4874 cf.
1073 4801 1144 4874 niv.
1168 4795 1286 4876 xxti,
1311 4802 1346 4865 l:
1369 4799 1445 4862 alb·
1482 4781 1483 4802 Χ

1014 4905 1018 4912 ι
