3000 5184
244 267 246 270 .
295 215 338 278 w
638 212 694 279 uo
716 212 880 296 uigiliis
899 212 1179 295 excubiisque.

137 371 141 380 '
224 345 247 428 s
285 395 342 474 ιιι,
366 397 445 460 ιιι

367 505 547 570 comdant
567 510 683 566 sutria
703 512 778 571 crate
797 507 905 569 arbem
925 512 958 567 at
974 509 1097 567 ιιιιιιὲι
1118 507 1289 568 vallant.

283 614 357 678 Alia
375 614 497 680 ratione
518 611 683 694 Vergilius
705 610 827 694 Georg.
849 611 897 687 11,
921 608 971 674 25.
994 623 1163 676 memorat:

367 720 632 802 Ouadrifidaoque
652 725 778 784 sadec
797 730 828 783 et
847 730 942 784 noto
966 725 1077 784 robore
1096 723 1241 784 oollae.

277 821 338 890 'ubi
361 829 497 892 Servius
518 826 750 905 animadvertit,
773 837 807 890 et
827 829 932 890 vallos
954 837 986 890 at
1013 829 1112 892 sodes
1133 829 1218 891 idem
1240 845 1323 890 essa.
1366 828 1485 911 vegeti

172 1001 174 1008 ,
283 957 362 1000 vcro
383 939 535 1019 praecipit
557 937 676 1000 fossam
697 938 725 1018 1,
741 937 797 1000 24:
821 939 944 1017 „Supra
968 955 1061 1017 quom
1086 937 1185 999 sudes
1207 936 1248 998 de
1270 937 1364 1017 lignis
1383 938 1493 1000 fortiss

169 1037 172 1040 ¹
242 1041 248 1054 ’
283 1047 363 1125 mis,
399 1065 480 1128 quas
501 1045 616 1108 milites
638 1054 766 1128 portare
788 1054 1044 1121 consueverunt,
1079 1043 1330 1127 praefiguntur.“
1372 1045 1425 1107 Ad
1445 1064 1496 1124 qu

282 1163 388 1218 umen
406 1173 621 1236 nequaquam,
642 1163 675 1216 ut
694 1155 768 1218 oiim
788 1159 891 1237 rebar,
914 1156 1085 1235 pertinere,
1115 1175 1199 1236 quae
1214 1157 1285 1234 XI,
1307 1152 1377 1216 473.
1400 1176 1494 1217 mem·

282 1271 386 1324 rantur
404 1265 512 1345 audes,
535 1272 647 1343 postea
669 1262 855 1325 videbimus.
897 1264 1057 1342 Septenos
1079 1265 1180 1324 vallos
1198 1264 1326 1348 militem
1345 1269 1379 1323 et
1392 1268 1500 1345 trigio

281 1373 400 1436 dierum
425 1373 615 1437 frumentum
637 1373 720 1436 farre
736 1376 845 1456 Scipio
863 1377 1033 1438 Africanus
1055 1381 1173 1458 coegit.
1216 1381 1339 1439 Iniuste
1359 1377 1419 1437 aab
1431 1377 1500 1455 [aa

280 1501 411 1565 carpere
433 1487 517 1545 viam
541 1482 707 1567 Vergilius
729 1486 782 1546 ait.
804 1519 844 1529 -
869 1483 990 1561 Quarto
1012 1485 1083 1546 loco
1106 1485 1136 1544 io
1157 1487 1273 1546 castris
1293 1485 1424 1546 stativis
1444 1499 1498 1540 mu

195 1591 196 1594 ’
279 1609 345 1651 rus
368 1599 437 1652 erat
458 1591 688 1674 aedificandus,
711 1595 775 1674 qui,
798 1610 891 1672 quum
913 1592 1077 1677 castelium
1090 1593 1221 1654 Aeneae
1243 1593 1323 1653 iuter
1342 1602 1487 1652 costroro

269 1704 310 1758 ,et
342 1695 447 1777 oppidi
475 1699 644 1778 imaginem
679 1699 771 1780 quiesi
801 1699 935 1760 medinm
968 1698 1108 1780 speciem
1143 1706 1251 1758 teneat
1260 1742 1270 1778 ‚
1304 1698 1334 1758 io
1371 1695 1491 1759 Aeneid

277 1802 364 1864 libris
391 1805 616 1898 posterioribus
648 1807 798 1887 frequens
825 1819 892 1879 est,
925 1808 1134 1889 singuiosquo
1155 1806 1319 1868 memorari
1341 1807 1431 1867 iocos
1458 1824 1496 1863 no

276 1930 422 1973 necesse.
464 1907 660 1976 Illudunum
689 1917 949 1998 observaverim,
982 1936 1042 1978 nou
1075 1917 1119 1978 ita
1154 1919 1218 1977 alta
1244 1916 1324 1977 baec
1356 1915 1478 1977 moenia

170 2069 174 2086 „
276 2030 372 2098 poeta
394 2020 540 2101 cogitari,
563 2021 674 2103 byeus
694 2024 776 2084 enim
801 2025 862 2102 IX,
883 2023 954 2086 557.
975 2025 1056 2086 inter
1077 2025 1180 2086 bostis

360 2127 450 2188 Inter
470 2135 502 2188 ct
518 2149 607 2190 arton
626 2132 710 2210 supa
731 2151 839 2191 muros
860 2138 944 2192 tenet
963 2133 1091 2211 altoque
1109 2139 1209 2193 certat

356 2235 522 2298 frendere
542 2244 626 2298 lecto
646 2259 743 2300 mano
764 2247 946 2319 sociamque
967 2245 1123 2317 ottiayere
1146 2242 1292 2325 dextros.

277 2359 319 2402 cx
341 2361 402 2424 quo
424 2362 463 2404 aa
482 2342 644 2406 duodecim
667 2344 707 2405 ad
728 2364 883 2407 summum
916 2343 1030 2424 pedum
1060 2346 1161 2406 fuisse
1182 2343 1289 2424 possis
1311 2332 1496 2404 coniecta'nd

200 2453 201 2456 ’
277 2451 435 2534 augurari.
478 2452 649 2514 Praeterea
672 2461 804 2513 turres
825 2470 952 2533 quoque
974 2453 1035 2533 ΙΧ,
1057 2453 1500 2533 ac.,propugnaou1a1·‹

279 2563 347 2627 170.
368 2565 450 2646 bea,
470 2575 615 2648 pontes
636 2568 701 2650 lx,
729 2567 796 2632 170.
821 2575 1031 2649 portasque
1052 2565 1141 2647 eddi,
1178 2587 1234 2649 per
1255 2585 1293 2628 se
1314 2563 1481 2627 manifesto

277 2681 335 2734 est.
377 2675 478 2735 Ducis
501 2683 534 2735 et
555 2675 719 2740 ductorum
741 2676 840 2739 aedes
862 2678 914 2738 vel
936 2677 1069 2736 tentoria
1090 2674 1129 2737 ad
1159 2675 1364 2755 praetorii
1386 2673 1496 2735 nour

179 2831 190 2850 ,
278 2781 429 2842 rationem
451 2784 481 2842 in
503 2783 606 2846 medio
627 2787 761 2847 castello
782 2798 855 2848 suut
874 2787 993 2866 posita3
1022 2785 1280 2859 unde1X‚22⁹:

361 2889 459 2950 Stant
478 2891 581 2967 tonan
604 2893 720 2953 adnixi
739 2896 845 2955 bostis
865 2902 897 2956 et
915 2901 1010 2954 scuta
1031 2900 1177 2953 tenentes

361 2996 546 3063 Castrorum
567 3007 599 3059 et
619 3008 723 3080 campi
744 3007 851 3066 medio.

840 3238 873 3329 c.
897 3246 946 3309 e.

634 3395 692 3449 na
710 3395 865 3464 vaginas
886 3398 1163 3468 excusareque.

362 3563 575 3630 Romanorum
598 3567 637 3632 dc
658 3572 778 3656 vigiliis
801 3578 964 3637 nocturnis
985 3597 1090 3640 euram
1111 3581 1246 3661 amplius
1268 3577 1436 3662 descripsit
1450 3580 1489 3641 Ρι

279 3673 384 3755 lybios
407 3675 465 3759 Vl,
486 3675 537 3740 35.
558 3696 605 3760 sq.
617 3724 627 3761 ‚
649 3681 779 3743 brevius
801 3685 961 3765 Vegetius
982 3686 1036 3761 ΙΙΙ,
1060 3687 1098 3749 8:
1143 3688 1204 3766 „ln
1233 3696 1380 3768 quattuor
1410 3696 1494 3761 parte

280 3780 319 3842 ad
342 3781 542 3863 clepsydram
565 3795 638 3846 suut
664 3785 788 3850 divisae
808 3791 954 3874 vigiiiae‚
992 3801 1026 3852 ut
1056 3813 1117 3854 non
1148 3796 1282 3874 amptius
1305 3813 1397 3876 quam
1419 3794 1495 3856 tribu

240 3982 243 3987 Ι
278 3888 364 3951 horis
398 3897 558 3958 nocturnis
594 3916 728 3960 necesse
758 3901 801 3960 sit
828 3903 973 3984 vigilare.
1017 3905 1045 3965 A
1075 3906 1212 3968 tubicine
1244 3924 1353 3965 omnes
1373 3907 1500 3990 'vigilio

278 4002 532 4084 committuntur,
562 4013 596 4066 et
617 4005 711 4070 finitis
733 4007 817 4070 horis
837 4029 856 4070 a
880 4011 1038 4072 cornicine
1060 4022 1261 4074 revocantur.
1306 4013 1441 4074 idoneos
1463 4025 1490 4073 ta

278 4119 351 4166 men
380 4106 493 4170 tribuci
521 4121 554 4173 et
583 4115 825 4193 probatissimos
852 4119 989 4199 etigunt,
1025 4123 1076 4201 qui
1107 4123 1234 4201 vigilias
1263 4122 1455 4184 circumeant
1481 4142 1496 4182 e

206 4251 207 4258 ι
277 4213 475 4295 renuntient,
508 4217 537 4279 si
564 4239 626 4300 qua
655 4225 819 4286 emerserit
847 4229 939 4307 culpa
967 4261 1007 4271 -
1037 4260 1077 4272 —
1112 4229 1284 4291 Sciendum
1321 4241 1427 4293 tamen
1454 4239 1498 4291 est

277 4321 400 4402 equites
433 4333 524 4388 extra
554 4331 672 4394 vallum
702 4343 880 4396 nocturnas
909 4339 1060 4400 excubias
1095 4336 1202 4402 facere
1233 4340 1378 4405 deborae
1421 4340 1500 4418 Apu

275 4427 459 4513 Vergilium
477 4432 566 4500 meus
587 4440 720 4522 insignis
742 4460 793 4504 esa
814 4444 874 4513 tx,
900 4443 959 4505 159
978 4475 1020 4489 -
1044 4445 1130 4522 175„
1158 4445 1335 4512 differentia
1365 4468 1427 4509 non
1451 4451 1478 4509 le

274 4538 354 4602 inter
377 4539 514 4603 Rrrtulos
534 4545 698 4628 Troasque
719 4559 849 4612 statuta.
892 4554 937 4614 liii
960 4556 1041 4616 enim
1065 4556 1167 4617 minus
1189 4563 1273 4618 cauti
1289 4560 1371 4619 mide
1393 4566 1478 4619 tantu
1496 4588 1498 4609 ι

274 4770 385 4814 omnes
407 4775 465 4837 per
485 4757 641 4838 integram
664 4771 787 4822 noctem
801 4771 918 4826 ‘somnii
934 4769 997 4828 aiot
1020 4778 1187 4850 expertes:
