3000 5184
471 235 530 296 De
551 231 832 298 vestimentis.

105 417 262 480 Inseritur
283 415 419 480 medium
439 416 569 480 radiis
590 415 757 478 subtemen
778 413 891 487 oeulis,

105 524 204 604 Quod
226 524 312 607 digiti
334 521 521 608 expediunt,
545 533 642 607 atque
662 525 745 586 inter
767 525 902 586 stamina
924 522 1049 587 duetum

106 634 276 695 Perousso
297 634 414 696 ieriuut
436 635 549 696 iuseoti
569 634 738 715 pectine
761 631 883 696 dentes.

26 742 114 803 I'est.
140 743 197 816 III,
215 739 296 802 8193

108 850 168 912 Illa
193 852 290 911 etiam
312 855 436 908 stantes
458 848 573 910 radio
594 867 781 934 percurrere
803 850 886 913 telas

151 957 275 1034 Erudit,
297 967 329 1020 et
350 976 454 1020 rarum
478 960 639 1039 peetIne
660 958 776 1023 denset
796 977 885 1042 opus.

25 1063 109 1124 Inter
132 1062 233 1125 verba
254 1061 379 1125 lanificii
401 1073 507 1127 exstat
529 1064 615 1146 apud
637 1066 774 1128 Varron.
796 1067 891 1131 [1011.
914 1066 956 1129 V.
979 1069 1006 1138 §.
1031 1062 1107 1127 tta:
1158 1061 1271 1124 allen·

26 1189 92 1234 sum
115 1192 139 1236 3
159 1170 308 1234 dentibus
330 1171 614 1252 potententem
636 1168 783 1235 leritur·“

602 1400 708 1491 qao.

476 1523 534 1614 Ite
552 1555 822 1618 uestimentis.
855 1641 857 1648 y

109 1731 248 1791 'I'vnrua
278 1729 415 1790 virorum
442 1729 691 1807 feminarumque
716 1726 820 1789 restis
842 1733 910 1790 erat
930 1724 1015 1809 apud
1035 1728 1200 1792 Romanos
1223 1729 1275 1793 iu·

30 1836 137 1898 terior.
181 1836 334 1899 Evander
356 1837 444 1913 VIII,
468 1836 538 1898 457.
561 1834 685 1897 duobus
708 1834 908 1897 vestimentis
929 1841 1044 1899 utitur:

109 1945 289 2022 Gunenrqr't
308 1949 426 2018 333133,
450 1949 621 2025 tunicaque
641 1945 804 2006 inducitur
825 1951 926 2021 artus,

108 2053 161 2113 Et
184 2051 352 2130 Tyrrhena
369 2053 485 2128 pedum
507 2054 684 2113 circumdat
703 2051 831 2112 eiurata
848 2051 990 2130 plantr'e,·

114 2159 197 2220 11333
217 2158 313 2218 lateri
332 2160 434 2237 adque
455 2163 573 2221 33333313
597 2158 753 2233 I'eqaeum
774 2159 915 2235 endliqat
933 2177 1052 2239 ensem,

111 2268 267 2328 Deau‘aea
287 2267 326 2327 ad
346 2267 438 2327 13333
456 2267 635 2346 pantherae
655 2273 746 2343 terqa
769 2273 965 2346 retorquens.

32 2370 211 2435 'I'ireronem
234 2374 366 2434 Aeneas
388 2393 450 2435 non
473 2374 576 2436 sulum
599 2393 653 2455 per
674 2375 822 2456 luricam,
851 2373 908 2436 sed
932 2373 1067 2438 tunicam
1090 2381 1184 2444 etiam
1205 2375 1281 2444 13311

35 2479 75 2559 Χ,
97 2478 182 2543 3133

513 2590 599 2650 Huic
618 2588 727 2666 qtndr'o
745 2608 867 2668 perque
887 2612 983 2654 aerea
1002 2600 1087 2673 33313,

112 2696 184 2758 Ρ33
207 2699 346 2758 1333313333
367 2697 564 2777 squalentem
586 2717 677 2776 oraro,
697 2697 784 2758 tatas
806 2697 917 2760 11333311
936 2707 1088 2778 apertum.

32 2799 91 2880 nbi,
115 2821 161 2863 ne
175 2819 249 2862 eum
267 2803 382 2864 Servio
398 2804 594 2882 squalentem
616 2823 694 2863 auro
713 2803 874 2884 explices:
897 2805 1119 2885 splendentem
1139 2808 1279 2891 loricam,
1374 2822 1381 2830 '

33 2909 150 2990 quippe
170 2909 233 2969 iam
253 2929 312 2987 per
334 2929 428 2970 aerea
449 2916 523 2969 eata
544 2907 769 2991 significatam,
792 2909 940 2973 conferas
962 2913 1057 2976 velim
1080 2916 1126 2994 X,
1147 2913 1230 2980 8173

117 3017 263 3078 1133333111
282 3024 314 3077 31
330 3037 476 3094 numam
496 3036 616 3101 mucro,
639 3018 720 3080 13313
741 3039 833 3082 arma
854 3025 997 3096 minaeis,

114 3126 166 3186 El
185 3129 338 3205 tunicam,
360 3125 450 3186 333113·
469 3132 570 3187 mater
591 3145 685 3206 quarn
707 3135 840 3190 neverat
859 3150 947 3195 auro.

36 3233 118 3295 uude
143 3230 238 3292 vides
260 3251 338 3294 auro
360 3232 453 3294 etiam
475 3231 630 3296 interdum
652 3253 722 3296 earu
747 3235 850 3298 luisse
878 3239 1005 3318 piatam.
1050 3240 1098 3301 Ita
1120 3238 1281 3302 Chloreus

37 3339 88 3404 ille
108 3342 170 3419 XI,
192 3338 268 3404 777:
718 3334 725 3352 '

113 3449 230 3515 Pietas
251 3467 313 3508 3333
336 3451 464 3507 tantona
485 3455 518 3509 et
539 3452 675 3511 tartara
695 3455 833 3527 teqmr'na
856 3471 995 3512 cruram.

34 3555 99 3619 Sed
136 3553 295 3639 indignior
326 3554 420 3615 etiam
453 3555 503 3616 itta
531 3565 658 3618 notatur
689 3558 830 3629 luxuria,
865 3557 927 3639 qua
957 3560 1100 3620 manioas
1121 3558 1290 3645 interdum

35 3664 195 3730 addebant
223 3664 357 3744 13331313,
380 3663 462 3745 quod
492 3674 526 3729 ut
547 3667 731 3729 mullebrem
754 3667 913 3749 quandam
934 3666 1084 3730 desidiam
1107 3667 1282 3730 Numanus

37 3771 192 3836 Remulus
214 3773 359 3834 Troianis
382 3771 489 3835 obiioit
513 3776 570 3848 IX,
593 3775 670 3839 6163

121 3885 168 3944 nr
188 3887 316 3945 tnnr'aae
335 3887 479 3944 33331333
501 3893 532 3946 31
554 3886 672 3949 hadent
691 3889 879 3950 redimicula
899 3889 1021 3948 3311333.

39 3993 101 4057 Iam
127 3993 263 4058 serulus
284 3990 391 4055 attulit
412 3990 478 4056 Ciu.
502 3992 627 4058 Catilio.
665 4000 708 4080 II,
733 3999 787 4063 103
817 3995 963 4060 „Videtis
984 3997 1152 4059 manioatis
1173 4005 1205 4060 et
1226 4007 1280 4062 ta·

39 4100 156 4166 laribus
176 4101 303 4182 tunicis,
317 4103 399 4165 velis
419 4105 564 4189 amietos,
591 4125 653 4167 non
674 4106 789 4187 tugisa
802 4105 853 4167 ubi
875 4102 969 4166 etiam
993 4105 1054 4169 alia
1067 4105 1175 4167 verbis
1191 4105 1280 4168 Ver-

41 4210 105 4288 gilii
127 4211 336 4295 respondent3
359 4214 477 4277 ‘etenim
500 4215 579 4278 tuis:
683 4238 685 4243 ·
722 4215 725 4223 ’

127 4321 223 4382 Vadis
243 4327 331 4400 piola
352 4343 440 4386 33333
462 4329 494 4384 31
509 4324 650 4404 [33133313
670 4327 792 4385 33333133
813 4326 924 4404 aestio,

123 4430 274 4490 1133131133
294 4430 399 4510 3333113
420 4434 510 4492 13331
528 4425 695 4508 indutqere
715 4430 849 4492 adoreis.

46 4548 257 4632 eomparauda
277 4562 353 4614 sunt
376 4553 603 4641 Ciceroniana:
639 4556 707 4639 „IIi
727 4556 822 4642 ¹pueri
851 4563 914 4618 tam
952 4552 1047 4634 lepidi
1068 4573 1107 4618 aa
1141 4552 1282 4635 delioatl,

46 4673 105 4718 uon
127 4658 229 4721 solum
243 4677 350 4722 amare
363 4668 395 4721 et
406 4667 516 4737 amari,
530 4683 633 4747 neque
654 4663 833 4746 psallere
857 4670 898 4724 et
918 4664 1096 4736 saltare,
1119 4657 1284 4721 sedetiam

47 4765 130 4827 siuas
151 4765 278 4829 vibrare
300 4775 332 4828 et
353 4783 505 4867 spargere
527 4789 654 4836 venena
674 4765 885 4840 didicerunt.“
911 4767 1037 4834 Gellius
1060 4768 1136 4851 VII,
1150 4768 1198 4833 te.
1218 4768 1281 4832 iam

95 4895 471 4949 uememqsumvagmme
1032 4883 1076 4947 16
