3000 5184
129 145 133 160 ¹
210 189 254 255 78
406 230 408 235 ,
697 189 757 251 Dc
777 186 965 270 pellibus.

156 365 164 376 ‘
211 371 253 435 ibi
274 391 353 436 vero
375 393 437 436 nou
458 374 572 448 virum,
592 371 651 434 sed
673 389 787 451 saera,
809 389 892 454 quae
913 369 1127 453 celebrantur,
1148 367 1298 432 Herculis
1319 373 1461 446 spectat.

212 483 330 564 Neque
351 487 385 544 in
404 482 504 545 altero
527 481 597 544 loco
624 481 720 562 Vlll,
753 480 826 546 552.
854 487 993 554 constat,
1024 489 1126 541 ulrum
1147 480 1279 541 Aeneas
1299 478 1357 540 tali
1376 477 1460 558 pelle

211 599 357 672 cruatur,
379 609 418 651 an
441 589 511 650 eins
532 607 644 670 equus.
684 589 809 652 Etenim
830 589 912 652 551:

292 701 423 761 Dantur
444 701 536 776 equi
559 697 689 758 Teucria
715 699 883 774 Tyrrhena
902 699 1079 776 perentitur
1101 713 1197 774 urco;

294 810 429 870 Ducunt
447 813 606 866 exsortem
629 805 767 880 Aeneae,
791 828 883 887 quem
900 809 993 888 fulcu
1014 808 1153 869 leonia

294 916 428 977 Pellio
448 917 512 976 obit
530 921 637 991 totum,
658 916 869 996 praefulqeue
892 918 1052 994 uuquibue
1073 919 1190 977 eureio.

215 1022 412 1088 Crediderim
434 1022 592 1105 equidem,
620 1023 786 1084 articulum
814 1028 906 1104 quem
933 1022 974 1084 ad
1005 1042 1118 1105 equum
1142 1041 1218 1085 esse
1243 1022 1454 1105 referendum,

211 1151 273 1194 non
293 1130 335 1192 ad
354 1129 483 1192 Aeneae
503 1149 627 1192 nomen.
670 1132 719 1192 lta
741 1127 899 1217 Chloreus
918 1130 989 1209 XI,
1010 1129 1087 1191 7⁷0:

295 1239 563 1318 Spumantemque
584 1239 725 1315 uqitobat
743 1257 844 1320 erum,
867 1258 958 1318 quern
977 1237 1065 1316 pell
1070 1242 1106 1299 ie
1126 1243 1218 1300 ceule
1248 1267 1252 1275 ⁴

294 1349 337 1410 In
355 1348 497 1425 plumam
518 1347 660 1424 equumia
682 1363 761 1406 auro
784 1352 931 1406 concerto
951 1333 1125 1422 tepebat.

213 1457 323 1539 Equus
352 1453 485 1518 Didonis
516 1453 582 1534 1v,
614 1449 686 1512 534.
714 1459 766 1519 est
794 1457 942 1531 ostroque
972 1455 1109 1528 iuriqnie
1137 1459 1170 1512 et
1194 1471 1283 1513 auro.
1304 1523 1310 1530 ¹
1332 1447 1453 1513 Deinde

213 1565 531 1646 exspectaverimus,
560 1562 692 1622 Aeneae
718 1560 859 1624 habitum
886 1561 986 1644 Vlll,
1020 1562 1091 1626 465.
1119 1563 1226 1643 potins
1258 1577 1353 1641 quam
1383 1556 1450 1618 552.

213 1671 358 1735 describi.

296 1779 487 1842 Herculeam
510 1797 588 1838 vero
610 1765 736 1858 semper
756 1777 891 1839 indolem
913 1777 1009 1842 habet
1028 1779 1129 1842 leonis
1150 1778 1243 1859 pellis
1266 1779 1451 1858 omninoque

214 1903 306 1948 omne
328 1885 453 1972 pellium
468 1892 693 1966 tegumentum
716 1903 819 1948 rarum
842 1885 915 1968 quid
937 1895 970 1950 et
990 1885 1254 1949 accnsuetudine
1269 1886 1372 1967 patria
1394 1883 1450 1945 ali-

215 2013 318 2058 enum.
361 1991 563 2072 Quapropter
593 1992 663 2073 ille,
695 1993 746 2073 qui
768 1994 849 2070 Vll,
871 1994 942 2057 656.
963 2002 1056 2056 cotue
1077 1994 1218 2056 Hercule
1232 1995 1372 2073 pulchro
1392 2011 1448 2052 no-

215 2101 351 2163 minatur
369 2101 444 2163 666:

295 2212 372 2288 Ipee
390 2210 498 2290 pedes,
520 2215 706 2286 tequmen
727 2216 879 2290 torquem
899 2213 1027 2271 inmune
1046 2208 1201 2286 leonia,
1243 2288 1245 2291 Ι

301 2319 444 2380 Terribili
462 2323 615 2396 lupercum
636 2326 734 2394 aucto,
757 2339 829 2380 eum
851 2320 995 2380 dentibus
1016 2318 1096 2380 olbia

295 2427 435 2488 Indutua
454 2429 562 2506 capiti,
583 2431 630 2486 sic
652 2431 740 2503 reqiu
762 2435 844 2487 tectu
864 2429 1000 2508 subibat,

175 2546 177 2554 ’
295 2535 469 2614 Horridus,
491 2533 761 2612 Herculeoque
781 2554 907 2594 umeros
929 2539 1072 2594 innexae
1092 2536 1219 2593 amictu.

213 2642 339 2705 Deinde
362 2663 423 2705 non
445 2642 514 2706 sine
536 2643 697 2704 subtiliore
720 2661 820 2705 causa
842 2643 975 2704 Aeneas
998 2642 1048 2718 V,
1072 2641 1153 2706 351:

295 2750 351 2812 Sic
369 2754 461 2829 fatue
481 2756 637 2825 terqum
660 2749 793 2812 Gaetuli
811 2756 939 2810 inmune
961 2751 1054 2810 lecu
1067 2754 1102 2810 ie

298 2859 367 2920 Dar
386 2857 485 2928 Salio,
507 2859 592 2918 uillis
613 2877 779 2919 onerosum
803 2862 905 2938 adque
925 2859 1091 2935 uuquidue
1112 2857 1229 2916 aureis.

214 2961 292 3024 Salii
321 2963 402 3024 enim
433 2964 534 3038 (cuius
563 2967 669 3044 gentis
691 2966 754 3027 hcc
783 2966 854 3028 loco
883 2969 978 3048 quasi
1007 2943 1168 3028 auctorem
1194 2964 1364 3024 informare
1385 2958 1447 3021 vult

213 3067 316 3150 ipsum
341 3069 474 3142 Salium,
499 3071 646 3153 quamvis
668 3091 707 3134 ea
732 3082 845 3154 postea
867 3077 1040 3154 appareat)
1060 3074 1150 3155 v111,
1175 3071 1248 3132 255.
1270 3066 1448 3131 secerdotes

213 3176 360 3239 Herculis
381 3179 422 3242 ad
450 3199 537 3242 aram
561 3160 728 3245 maximam
761 3195 853 3264 sunt,
881 3185 987 3266 ibique
1012 3185 1156 3267 populeis
1185 3181 1310 3246 coronis
1340 3179 1446 3243 ornati.

166 3363 168 3369 Ι
212 3285 403 3348 Herculeam
428 3287 561 3368 denique
585 3291 732 3352 virtutem
755 3292 922 3377 designat,
954 3295 1037 3377 quod
1060 3292 1220 3377 1x‚3bc:

294 3397 364 3457 Dut
381 3389 675 3462 NiceMnectlreuc
692 3403 842 3480 pellem
862 3404 1085 3483 horrentisque
1106 3404 1241 3464 leonte
1356 3389 1358 3394 ’

293 3502 465 3566 Eeuoiua‘
830 3589 834 3594 ι
914 3519 916 3523 ·

293 3611 324 3674 2.
365 3613 499 3675 Praeter
523 3614 609 3678 hunc
636 3618 736 3680 leonis
766 3595 898 3700 quim
931 3626 1100 3682 occurrunt
1129 3618 1230 3699 pelles
1258 3630 1371 3677 omnes
1391 3605 1445 3670 nisi

212 3720 304 3783 fallor
330 3723 370 3784 ad
398 3725 598 3787 venationem
628 3737 878 3810 venatorumque
899 3728 1037 3790 habitum
1059 3736 1132 3790 sunt
1151 3723 1318 3788 referendi
1336 3725 1343 3736 '
1364 3716 1447 3781 'lulis

212 3831 326 3894 Venus
349 3836 518 3896 venatricis
539 3836 650 3898 habitu
671 3839 802 3900 Aeneae
825 3838 922 3899 obvia
941 3839 970 3920 l,
992 3835 1063 3900 323.
1086 3835 1227 3917 quaerit,
1249 3851 1289 3894 an
1308 3843 1446 3892 sororum

213 3935 349 4018 aliquam
374 3938 523 4003 viderint:

295 4045 500 4110 Succinctmn
518 4053 674 4129 pharetra
694 4060 726 4113 et
744 4055 926 4115 maculosae
947 4057 1121 4131 teqmlne
1146 4050 1290 4129 lyncis.

213 4169 263 4229 lta
284 4167 454 4254 Camillae,
477 4194 560 4257 quae
582 4177 705 4238 Dianae
726 4185 853 4240 sacrata
873 4186 942 4260 est,
964 4195 1049 4259 quae
1070 4157 1128 4253 Xl,
1151 4173 1445 4247 78317390οΜ-

214 4280 284 4338 triu
304 4281 495 4364 appellatur,
524 4283 599 4346 576:
1250 4280 1262 4295 ”
1303 4275 1306 4280 ’

296 4385 367 4446 Pro
385 4391 501 4450 crinali
519 4412 608 4469 oure,
627 4413 686 4472 pro
708 4395 822 4473 lurrqae
842 4398 976 4471 teqmine
994 4390 1111 4469 pollue,

300 4495 483 4571 Tipridii
502 4504 672 4560 etruriae
688 4521 748 4579 per
769 4503 899 4561 doraum
920 4521 941 4560 u
960 4501 1078 4560 vertice
1095 4495 1242 4573 pendent.

213 4624 262 4685 lta
283 4624 445 4707 Evander,
468 4624 559 4687 cuius
579 4625 715 4689 maiores
737 4627 835 4708 Vlll,
856 4626 928 4690 318.
949 4631 1034 4687 rami
1052 4627 1154 4705 adque
1175 4642 1270 4701 ceper
1290 4625 1376 4682 rictu
1395 4636 1444 4679 re·

213 4738 311 4793 natur
333 4734 438 4794 olelot
458 4751 494 4793 re
515 4729 633 4812 divina,
655 4749 749 4796 sacro
771 4733 921 4794 Herculis
940 4741 1072 4816 peracto
1092 4731 1163 4795 367.
1185 4732 1217 4793 in
1237 4739 1358 4792 tectum
