3000 5184
79 207 419 318 Vergilias-qaid
441 209 490 273 dc
512 207 598 298 deo,
622 209 886 302 mundalem
906 190 1107 282 senaelit„
1152 144 1220 276 133*

0 393 86 462 Nam
108 393 139 455 si
159 395 320 476 generalis
342 393 499 455 sententio
527 403 598 472 est,
630 393 803 456 sectandam
829 392 1007 474 Epicureos
1034 402 1145 457 eontm
1166 413 1221 455 re-
1274 359 1277 363 *
1358 435 1371 448 .

3 502 127 584 gionem
150 512 210 575 est,
235 503 263 563 si
284 508 388 563 antem
410 509 531 562 tantam
552 499 591 564 ad
615 495 728 562 bovem
751 499 899 581 refertar,⁴
918 500 982 562 hoe
1003 501 1089 566 dicit
1132 502 1221 581 Quid

1 609 170 690 prodest,
197 609 305 671 labore
326 627 384 670 ειιο
406 608 526 670 aluisse
556 601 751 670 inertales‘la
781 607 872 670 'l'alia
900 608 995 670 homo
1022 611 1091 672 sani
1115 611 1220 682 iadieii

0 727 173 798 pematar.
216 719 332 799 Neque
350 719 483 780 alterum
505 717 633 798 lipicari
655 717 816 797 placitam,
839 733 989 780 omnem
1012 728 1101 798 post
1121 740 1223 783 mor·

6 845 55 886 ¹m
76 841 239 887 sensam
261 827 449 900 interire,
469 841 583 888 revera
607 834 722 906 poetae
745 829 842 887 menti
868 825 913 889 ita
934 828 1132 892 tribuendam
1146 849 1223 894 esse

3 932 114 1014 idetar,
139 945 173 996 ut
194 942 340 1016 tanquam
360 934 513 1014 propriam
535 934 817 1026 eiusaententiam
833 935 1080 1000 consideremus.
1117 913 1224 1017 Quid?
1281 935 1284 939 ’

0 1059 86 1102 anm
111 1037 270 1104 Anchises
298 1060 424 1104 samma
452 1043 537 1103 lacta
565 1042 695 1112 obrutas
723 1040 753 1102 in
780 1042 1044 1125 verbafflerampat
1066 1048 1113 1126 ll,
1146 1046 1224 1108 646:
1342 1035 1345 1040 ¹

0 1151 103 1210 acilia
125 1133 252 1212 inclara
274 1147 446 1226 sepulchral
465 1153 609 1228 pricaeus
625 1149 732 1211 Servii
748 1150 958 1230 explicatione
975 1159 1115 1217 utamur:
1138 1155 1226 1229 „Aut

15 1257 156 1318 eandam
173 1257 359 1337 Epicureos,
372 1257 422 1337 qai
441 1256 548 1323 dieunt
558 1256 631 1318 nihil
645 1272 818 1336 superesse
833 1267 906 1338 post
919 1255 1106 1322 mortem‘la¹
1117 1257 1224 1340 Qaid‘l

0 1373 64 1427 'am
90 1365 250 1430 Anchisae
282 1365 477 1446 appellantur
500 1365 550 1447 V,
563 1380 566 1386 ’
579 1364 629 1428 81.
651 1371 774 1440 accepti
791 1370 977 1446 requiquam
998 1373 1122 1441 eineres
1142 1387 1226 1450 „se-

18 1473 117 1542 ndum
139 1475 335 1554 Epicureos,
365 1475 417 1555 qui
447 1472 555 1536 dicuat
581 1476 687 1532 omnia
719 1473 820 1552 perire
841 1489 915 1534 eam
937 1472 1123 1554 ιιοιιιιιιιιῗζί
1159 1479 1227 1540 Aut

23 1600 42 1641 o
67 1589 163 1661 poeta
186 1580 328 1662 fungitur
351 1582 454 1662 elogio
476 1586 568 1640 inani
587 1599 716 1641 mernere
741 1581 800 1659 Vl,
821 1582 899 1647 886:
923 1583 1117 1658 ‚pacandum
1140 1584 1224 1666 Epi.

1 1707 95 1764 ureos
119 1709 179 1750 non
204 1686 419 1770 prolaturo‘l‘*
447 1691 528 1751 aa
550 1675 629 1760 Vll,
652 1689 689 1750 4:
721 1693 753 1748 si
772 1711 835 1768 aaa
865 1697 916 1751 eat
942 1692 1047 1768 ploria
1075 1688 1221 1774 Caietam

2 1817 77 1860 aum
100 1799 169 1860 eins
188 1818 303 1860 nomen
324 1797 395 1860 loeo
416 1798 612 1878 imponatur:
646 1795 846 1877 „secandum
869 1793 1097 1876 Epicureos⁰l“
1130 1801 1234 1862 Talia·

0 1906 115 1967 bellae
137 1914 211 1968 sarit
232 1907 427 1988 nugantium.
468 1907 588 1984 Potius,
601 1907 735 1984 Annam,
755 1905 887 1968 Didonis
908 1923 1062 1988 sororem,
1083 1907 1168 1988 impii
1188 1916 1221 1969 et

4 2015 141 2078 berionis
164 2014 288 2078 credam
311 2031 386 2076 esse
404 2013 502 2074 *animi
522 2013 767 2094 interrogantem
791 2014 848 2086 tv,
870 2012 927 2075 34:

65 2126 108 2185 ld
128 2129 264 2184 cinerem
286 2129 344 2183 aat
362 2122 475 2198 Manis
499 2123 604 2180 credis
626 2141 740 2180 carcre
760 2122 931 2199 sepultos?

5 2235 95 2295 Dieit
116 2239 220 2294 autern
244 2227 420 2290 secundam
442 2228 628 2308 Epicureos,
641 2229 693 2308 qai
714 2228 848 2289 animam
873 2245 945 2289 earn
965 2249 1097 2311 corpore
1119 2229 1249 2292 dicant·
1293 2232 1298 2241 ‘

7 2340 121 2406 rire.“
145 2331 263 2420 Neque
285 2357 366 2420 qnae
388 2338 460 2401 alibi
483 2356 502 2399 a
523 2337 638 2398 Servio
660 2336 700 2396 de
721 2337 788 2398 fato
812 2337 875 2412 Vl,
895 2337 980 2423 376,
1003 2338 1043 2399 de
1061 2341 1165 2400 anima
1182 2341 1228 2420 X,

0 2459 17 2507 t
44 2495 64 2536 ,7
89 2449 129 2511 de
146 2451 307 2527 voluptate
322 2446 436 2528 llelog.
454 2447 497 2526 ΙΙ,
520 2444 583 2525 58.,
608 2453 718 2506 natura
734 2443 855 2526 Georg.
870 2446 913 2525 ll,
933 2445 1096 2519 49.,·inani
1116 2447 1228 2528 Eolcg.
1291 2461 1295 2490 ¹

0 2564 42 2642 1,
66 2558 129 2644 aa,
153 2558 222 2618 sole
243 2557 304 2638 IV,
325 2555 408 2635 584,
432 2552 551 2634 Georg.
576 2555 601 2632 l,
623 2552 708 2632 247„
730 2552 832 2614 stellis
855 2550 976 2633 Georg.
999 2555 1025 2632 Ι,
1047 2552 1118 2618 252.
1141 2544 1225 2633 257ζρ

7 2679 78 2749 ιριιι
101 2666 158 2742 Vl,
176 2665 257 2738 Μ,
275 2659 422 2742 'pluribus
445 2661 544 2721 coelis
566 2661 593 2740 Ι,
614 2657 687 2720 330.
722 2657 763 2718 ad
785 2659 910 2737 Epicuri
941 2657 1115 2723 doctrinam
1136 2658 1226 2719 rele-

19 2789 94 2842 ntar
114 2775 209 2852 dicto,
231 2753 350 2851 maiore
372 2771 563 2833 auctoritate
584 2767 686 2830 fulciri
710 2775 852 2847 possunt
894 2742 997 2834 Poeta
1017 2766 1075 2827 vix
1096 2786 1157 2828 uno
1178 2768 1229 2828 al-

1 2911 97 2954 ·rove
117 2889 189 2950 loco
211 2907 229 2948 c
250 2885 421 2966 longinque
443 2882 668 2963 Epicureorum
690 2896 771 2939 vera
792 2875 922 2952 decreta
942 2875 1062 2957 tetigit3
1099 2873 1228 2943 deorum

0 3021 66 3062 arm
90 3005 310 3078 contemptas,
340 2995 391 3077 qai
419 2991 571 3058 Mezentii
601 2996 665 3065 est,
702 3007 722 3048 e
758 2989 827 3048 vita
861 2985 969 3066 potius
995 2983 1154 3045 communi
1188 2998 1230 3042 ae

1 3109 102 3184 bala,
117 3111 207 3187 quain
231 3125 249 3165 e
270 3103 467 3186 philosophia
489 3109 540 3164 est
562 3099 747 3172 delineatae.
778 3097 853 3156 Hae
875 3097 969 3156 etiam
991 3094 1104 3173 aliquis
1127 3094 1230 3172 pessit

4 3217 148 3280 dvoeare
167 3212 348 3274 Lucretii
371 3209 507 3274 studium
529 3208 582 3269 hie
603 3207 663 3268 illie
686 3204 908 3286 perspicuam3
931 3200 989 3262 sed
1006 3201 1104 3262 verba
1126 3202 1230 3280 magis

3 3345 79 3389 aam
91 3322 269 3386 sententias
285 3341 303 3383 c
318 3319 469 3379 haeretic
486 3318 650 3379 Maronem
669 3312 821 3377 hausisse
834 3329 926 3370 nemo
941 3308 1076 3392 ignorat.
1108 3308 1230 3368 Veram

4 3438 68 3497 nim
85 3451 164 3494 vero
184 3432 211 3492 si
227 3430 308 3492 haee
326 3427 429 3488 omnia
447 3423 635 3486 tustanum
654 3416 923 3500 perpenderimus.
946 3415 1108 3477 fatendam
1124 3423 1230 3475 tamen
1257 3443 1263 3461 ι

6 3545 56 3627 rit,
84 3549 210 3622 poetam
234 3557 275 3599 ex
297 3533 426 3615 Epicuri
446 3531 589 3594 doctrina
610 3529 661 3590 hic
682 3527 743 3588 illic
764 3526 869 3607 aliqua
889 3525 1022 3600 libasse,
1058 3521 1230 3602 temporis-

9 3674 48 3714 ne
77 3646 158 3712 illias
193 3647 277 3710 levia
308 3646 464 3730 quaedam
495 3644 688 3704 monimenta
715 3644 856 3711 restare,
889 3631 1004 3715 quibas
1037 3630 1069 3692 ia
1101 3627 1230 3708 Epicuri

9 3761 87 3824 ortis
109 3756 340 3820 demorabatur.
383 3752 486 3818 Poeta
507 3753 578 3830 ipse
598 3747 714 3810 fatetur
737 3742 803 3805 Cir.
824 3741 910 3804 init:

234 3865 292 3925 Me
313 3866 401 3924 acrio
420 3865 575 3920 iactatam
594 3856 701 3916 laudis
722 3870 829 3913 amore

68 3977 234 4052 luridaque
256 3977 424 4047 repertam
440 3967 573 4048 fallacie
592 3965 734 4040 praemia
756 3957 843 4035 eolqi

71 4083 244 4159 Cecropias
263 4082 373 4138 naonis
395 4078 568 4150 empireae
589 4068 738 4130 hortulus
759 4086 860 4128 auras

71 4190 233 4252 Florentia
255 4187 348 4247 viridi
367 4183 507 4261 Sophiae
530 4177 743 4250 complectitor
765 4175 886 4238 amira.

25 4324 91 4386 alto
114 4321 265 4383 maiorum
288 4327 391 4379 tamen
413 4331 506 4397 quam
518 4308 657 4372 brrcretii
677 4308 708 4368 in
720 4305 898 4388 Vergilium
915 4305 1034 4367 Ennii
1055 4307 1149 4369 lectio
1166 4307 1231 4367 vim

0 4432 113 4494 idetar
134 4432 337 4513 exercuisse,
375 4441 471 4510 atque
496 4423 549 4507 qai
569 4419 713 4504 argutior
735 4417 810 4492 erit,
838 4414 1109 4496 philosophemata
1130 4432 1231 4494 qaae-

0 4563 62 4605 am
84 4541 362 4624 Pythagorica
392 4555 434 4600 ex
454 4535 516 4597 hoe
537 4533 569 4594 ia
590 4531 693 4611 ipsum
716 4523 912 4588 redundasse
934 4524 1088 4587 coniiciat.
1130 4518 1230 4582 Modo

0 4652 63 4715 um
83 4652 187 4734 magde
208 4658 380 4722 constaret,
401 4641 761 4724 EnniamPythagorae
779 4636 929 4722 dogmata
947 4635 1128 4716 amplexam
1147 4648 1233 4695 esse.

0 4761 60 4826 ed
79 4761 143 4826 hoo
163 4744 247 4822 illias
268 4757 326 4819 erit
347 4756 401 4818 vel
421 4752 637 4816 demonstrare
659 4748 711 4812 vel
733 4765 875 4831 negare,
904 4743 958 4826 qui
981 4741 1022 4804 de
1042 4739 1234 4805 doctrina
