3000 5184
335 225 411 288 'lle
433 225 799 324 rarle2lrpstiarurn
820 228 985 290 ratione.
1096 253 1099 258 ·

135 409 311 468 lartum
328 413 418 488 ferro
437 415 471 468 et
486 411 578 470 dione
598 414 764 490 ipsumque
783 431 949 472 totamm

133 518 182 576 Ias
201 516 558 593 portesmuham
577 515 722 576 moen.

48 648 97 708 De
119 648 229 708 tauris
251 647 346 708 etiarn
368 648 400 707 irr
421 645 580 724 triumpho
598 645 849 719 saerilioabatnr,
871 651 1024 726 utsupra
1045 645 1181 712 vidimus
1188 668 1197 730 3
1218 652 1302 734 quod

48 775 145 836 quum
171 755 246 816 lovi
268 753 370 834 lieret,
393 751 547 816 Macrobii
569 751 794 814 dubitationem
808 754 914 813 omnio
926 753 1080 815 iniustum·
1088 775 1163 818 esse
1173 764 1302 824 senties.

48 865 121 924 lovi
147 879 279 945 quoque
302 861 421 944 Stygio
444 860 575 922 eosdem
596 859 737 922 immolat
759 860 819 936 Vl,
841 861 921 922 252:

140 997 225 1059 tum
246 995 386 1074 Stppio
407 1015 449 1054 re
455 999 497 1071 pi
516 1001 688 1054 nocturnas
711 965 841 1054 innobet
860 1015 945 1067 oros,

121 1105 191 1164 'Et
210 1105 312 1164 solida
332 1105 458 1176 inponit
478 1108 684 1160 taurorum
704 1104 830 1160 viscera
847 1105 994 1186 (lammis.

50 1236 186 1298 Deinde
220 1237 408 1314 Neptuno
431 1233 735 1326 atquelApollini
764 1234 982 1318 immolabatur
1003 1246 1121 1302 taurus.
1146 1245 1314 1315 oMaorob:

49 1347 110 1426 ΙΙΙ,
139 1347 203 1410 1οε
226 1345 362 1426 „babeo
384 1321 466 1404 uero
482 1343 687 1429 sexagesimo
710 1351 742 1402 ot
765 1351 881 1404 octavo
903 1344 978 1405 libro
1001 1345 1113 1422 intulit,
1134 1350 1195 1410 nisi
1210 1352 1307 1432 Nep-

51 1463 142 1537 tuno,
172 1453 311 1533 Apollini
333 1458 366 1512 et
390 1451 486 1511 Marti
505 1457 629 1512 taurum
652 1468 712 1511 uou
734 1447 925 1512 immolari.“
967 1450 1061 1530 Quod
1084 1459 1307 1536 quaruvisfal-

50 1579 125 1622 sum
151 1579 229 1622 esse
251 1558 437 1634 viderimus,
459 1559 608 1643 solisbis
630 1558 807 1626 numinibus
827 1560 1009 1638 sacrificari,
1030 1571 1135 1624 tamen
1150 1568 1306 1648 proprium

51 1669 173 1730 borum
196 1667 297 1729 fuisse
319 1667 478 1729 doeemur.
521 1665 615 1746 Apud
646 1666 824 1748 Vergilium
847 1671 904 1758 ΙΙΙ,
927 1670 996 1732 118.
1019 1674 1164 1736 Aeneas:

424 1857 430 1864 .
473 1775 608 1835 Meritus
629 1777 697 1835 uris
718 1781 867 1836 mactavit
886 1778 1032 1853 bonores,

146 1885 288 1944 Taurum
309 1882 467 1958 Neptuno,
491 1888 621 1942 taurum
643 1864 707 1956 titt
726 1884 864 1960 putabor
884 1885 1010 1963 Apollo.

55 1989 186 2066 Quodsi
208 2009 287 2050 vero
310 1989 459 2070 Neptuno
481 2007 571 2051 sacer
595 1997 680 2068 erat,
714 2009 775 2050 non
797 1992 908 2055 mirum
930 2005 999 2078 eut,
1025 1976 1108 2078 qnotl
1130 1997 1307 2064 Cloanthus
1376 2040 1382 2054 ·

55 2100 117 2162 diis
141 2101 273 2160 marinis
294 2099 426 2160 eundern
450 2098 495 2176 V,
522 2096 783 2176 stuprantur:

144 2212 201 2283 Di,
223 2209 337 2286 quibus
358 2207 515 2283 inperium
535 2204 684 2285 pelopist,
707 2223 841 2285 puerum
862 2226 1002 2287 aequora
1022 2229 1129 2294 curro,

149 2317 248 2378 Vobis
270 2316 376 2375 taetus
399 2335 455 2392 epo
477 2314 536 2374 boo
558 2315 744 2374 condentem
765 2318 800 2374 iu
821 2316 914 2375 litore
935 2321 1063 2378 taurum
1080 2358 1097 2392 3

151 2424 352 2486 constituam
375 2428 449 2480 unte
469 2405 555 2480 uras.
718 2409 720 2416 ¹
831 2403 834 2410 ¹

60 2547 149 2629 quod
175 2544 287 2607 deinde
309 2547 438 2608 Aeneas
459 2547 518 2629 Vl,
540 2545 590 2609 38,
613 2554 776 2626 monetur,
805 2556 841 2608 ut
862 2547 1000 2626 Apollini
1021 2566 1115 2612 saura
1130 2550 1228 2614 leret:

145 2659 244 2719 Nunc
264 2677 362 2742 prope
384 2659 422 2718 de
442 2661 560 2718 intacto
582 2663 700 2734 septem
721 2663 862 2738 mactare
882 2663 1030 2738 moenam
1062 2728 1065 2734 ¹

146 2768 360 2840 Praestiterit,
384 2767 510 2825 totidem
531 2766 630 2824 lectus
650 2766 688 2825 de
710 2785 796 2824 more
818 2767 962 2825 bidentis.
1186 2835 1190 2842 ς

58 2875 209 2936 Helenus
231 2875 369 2954 Apollini
390 2875 453 2956 ΙΙΙ,
475 2873 546 2936 369.
569 2871 608 2933 de
631 2891 716 2954 ruore
738 2875 895 2954 iuveuoos
918 2872 1032 2950 caedit
1075 2875 1201 2940 'faurus
1223 2880 1335 2940 Her-⁸

61 2987 127 3050 culi
150 3004 277 3068 quoque
300 2987 388 3061 Vlll,
411 2984 481 3048 180.
505 2984 637 3046 rnaotari
658 2982 804 3045 videtur:
1212 2976 1215 2989 '

155 3097 290 3156 Viscera
311 3100 394 3154 tosto
411 3095 525 3172 [eruut
545 3100 719 3154 taurorum.
905 3153 908 3158 ,
1187 3157 1192 3164 ,

60 3207 237 3266 Aristaeus
259 3219 384 3282 quoque
406 3197 533 3278 Orpheo
555 3209 589 3262 et
609 3199 794 3282 Eurydicae
816 3200 937 3280 Georg.
959 3201 1020 3281 lV,
1037 3201 1118 3264 550:

152 3315 309 3390 Quattuor
330 3317 465 3374 eutimius
484 3317 665 3390 praestanti
670 3375 672 3382 ,
686 3333 817 3390 corpore
838 3322 949 3376 tauros
1063 3376 1067 3382 ,

147 3424 249 3484 Ducit
269 3426 300 3479 et
319 3423 438 3478 intucta
460 3419 585 3478 totidem
605 3423 726 3479 cerviae
747 3425 909 3485 toneneas.

152 3531 281 3592 Cunna.
304 3529 462 3598 Hruovvs
482 3526 610 3590 Baoelro
632 3527 819 3589 immolatur.
859 3527 961 3589 Poeta
984 3527 1110 3611 Georg.
1131 3531 1171 3604 ll,
1189 3529 1269 3592 380:

153 3665 230 3724 Nou
251 3662 351 3744 oliam
368 3661 406 3721 ob
428 3661 555 3740 eulpam
578 3663 739 3724 Boeotio
762 3681 885 3740 caper
907 3629 1051 3723 omnibus
1073 3663 1142 3721 aria

154 3775 312 3839 Caeditur.

67 3903 109 3976 ll,
129 3897 208 3960 395:

150 4009 198 4068 ΕΙ
217 3999 331 4068 ductus
353 4023 454 4068 cornu
474 4007 572 4066 stabit
588 4027 683 4069 auter
704 4009 841 4090 lairpuua
862 4010 907 4068 ad
923 4027 1022 4068 urum.

69 4117 205 4179 Servius
225 4116 265 4177 ad
287 4114 369 4186 asu:
411 4115 592 4178 oViutimae
618 4117 798 4179 numinibus
819 4124 874 4179 aut
903 4135 959 4196 per
979 4112 1227 4189 similitudinem,
1259 4120 1315 4174 sut

67 4243 122 4304 per
150 4225 405 4286 oorrtrarietatern
439 4223 685 4286 immolabantur.
732 4226 794 4286 Per
825 4221 1082 4303 similitudinem,
1120 4228 1155 4282 ut
1188 4223 1312 4304 nigrum

68 4349 167 4412 peous
189 4333 335 4408 Plutoni,
365 4352 422 4413 per
442 4335 718 4414 contrarietatem,
741 4342 777 4395 ut
798 4349 906 4414 porea,
938 4349 1021 4413 quae
1042 4331 1134 4392 obest
1155 4328 1312 4410 frugibus,

71 4438 199 4521 Cereri,
230 4450 262 4502 et
284 4425 399 4523 uapor,
432 4443 484 4524 qui
505 4442 598 4504 obest
618 4441 756 4531 vitibus,
792 4441 919 4503 Libero.
962 4441 1042 4500 ltem
1065 4446 1098 4500 et
1120 4435 1313 4516 Aesculapio

72 4569 183 4632 oupra,
210 4553 263 4634 qui
294 4564 346 4617 est
377 4553 456 4616 rleus
484 4555 618 4636 salutis,
647 4571 716 4614 oum
739 4570 837 4633 eapra
859 4569 1014 4633 nunquam
1035 4550 1111 4611 sino·
1127 4547 1217 4608 febre
1238 4544 1313 4604 sit.“

73 4660 187 4722 Arnob.
205 4661 281 4737 Vll,
303 4662 360 4722 21:
385 4660 444 4736 „Si
460 4678 557 4740 osper
572 4657 734 4740 caedatur,
758 4659 838 4741 tovi,
862 4675 956 4738 quem
978 4655 1058 4736 patri
1090 4653 1243 4715 sollemne
1264 4658 1315 4712 est

74 4771 208 4846 hibero,
238 4769 399 4832 Mercurio
420 4769 554 4832 tritutari
576 4801 614 4815 -
634 4801 689 4834 τ,
705 4766 780 4850 quitl
802 4765 952 4854 lueiuuris
971 4768 1005 4829 iu
1027 4762 1089 4827 hue
1121 4754 1237 4822 erit‘i“
1280 4759 1317 4820 ln
