3000 5184
178 179 243 246 m
552 225 558 234 x
649 184 706 245 lle
726 183 946 248 fauoribus.

177 364 250 426 551.
271 372 304 427 et
324 364 401 446 ΧΗ,
421 364 504 443 74⁹„
526 365 682 427 austeris
700 332 845 428 munibus
868 366 961 428 modo
984 367 1089 430 allatis
1117 377 1269 462 apparut3
1292 380 1423 451 poetam

179 476 264 538 bauo
283 484 384 538 artem
405 473 521 557 insigni
539 491 649 536 amore
668 491 744 536 esse
766 483 1000 556 prosequutum.

747 621 854 791 §.a
942 765 944 769 ,

643 863 701 918 ne
723 859 953 916 funeribus.

265 1030 357 1111 Quae
377 1030 461 1114 apud
482 1031 645 1114 antiquos,
673 1032 836 1095 ltomanos
857 1033 1012 1113 inprimis,
1034 1036 1156 1096 exstitit
1177 1036 1424 1116 sepulchrorum

180 1141 304 1222 rellgio,
327 1159 427 1202 euax
448 1140 598 1227 opinione!
613 1149 687 1202 nata
707 1147 773 1218 est,
794 1147 936 1201 mortuos
958 1115 1133 1222 insepultos
1155 1143 1187 1203 in
1208 1143 1347 1222 quietem
1361 1165 1427 1206 non

183 1248 318 1330 admitti,
338 1247 396 1311 sed
419 1269 524 1311 errare
544 1252 632 1310 uirua
648 1250 798 1330 Stygiam
820 1227 966 1329 paludem
988 1259 1123 1326 cautum,
1140 1259 1175 1311 ut
1185 1250 1348 1332 Vergilius
1362 1250 1426 1330 Vl,

181 1359 252 1422 ³29.
271 1360 330 1433 (uf.
352 1359 413 1440 Vl,
434 1358 522 1429 371.)
551 1360 611 1438 ait,
635 1377 746 1420 anuos.
790 1357 861 1436 Qua
884 1377 1048 1421 excausa
1081 1363 1142 1442 ils,
1177 1363 1231 1442 qui
1263 1362 1378 1420 remoti
1406 1377 1429 1418 a

182 1466 282 1548 patria
310 1465 391 1529 diem
417 1485 598 1547 supremum
626 1465 785 1540 obierant,
808 1468 955 1527 tumulum
978 1467 1186 1528 exstruebant
1205 1467 1330 1528 inanem
1352 1467 1429 1528 sive

181 1573 390 1638 honorarium.
433 1574 511 1637 'l'alo
533 1573 754 1654 cenotaphium
778 1574 927 1638 describit
951 1583 1045 1655 poeta
1067 1549 1128 1652 Vl,
1151 1574 1234 1636 505:

268 1683 358 1744 dieue
377 1689 500 1760 epomet
518 1684 712 1744 tumulum
734 1683 872 1745 Rhoeteo
893 1688 928 1742 r'u
949 1683 1040 1744 litore
1061 1688 1223 1745 innuem

265 1791 433 1872 Constitui,
454 1797 487 1850 et
505 1809 622 1866 muqnu
642 1789 756 1851 Manis
777 1797 824 1851 ter
844 1810 916 1851 uoce
936 1795 1053 1852 unouoa'.

265 1899 391 1959 Nomen
411 1905 445 1958 et
463 1918 554 1958 ormo
574 1899 678 1960 locum
700 1905 849 1977 seronut,·
870 1905 911 1974 tr,
932 1904 1042 1974 umiae,
1064 1904 1192 1980 nequivi

267 2003 457 2080 Consulem
477 2011 508 2063 et
527 2007 634 2080 putria
654 2005 808 2064 decedens
826 2023 945 2082 uouere
966 2013 1062 2068 terra.

186 2112 289 2172 Nisus
311 2110 482 2186 optat1X‚
504 2109 586 2172 ⁸213:

266 2216 326 2289 Sir,
350 2219 407 2297 qui
425 2237 475 2277 nae
493 2225 622 2297 ruptum
641 2237 754 2297 pupuu
771 2225 910 2298 pretr'ooe
930 2223 1122 2297 redemptum

265 2322 402 2388 Mandu
418 2328 524 2407 dumo,
545 2328 640 2388 solitu
660 2335 717 2388 aul
735 2332 829 2409 eiquo
850 2331 884 2389 id
899 2332 1033 2409 fortuna
1054 2331 1178 2406 retudit,

267 2442 441 2503 Absenti
456 2443 546 2520 serat
565 2444 711 2522 morior,
731 2442 918 2518 decoretque
939 2437 1119 2516 sepulchro.

136 2601 141 2612 .
183 2550 243 2633 ΙΙΙ,
264 2547 346 2611 303ε

265 2656 402 2717 Libebat
421 2659 526 2716 elueri
544 2655 770 2716 Andromache
792 2653 966 2734 Manisque
986 2657 1117 2716 ooeobut

265 2765 458 2825 Hectoreum
479 2765 523 2823 ad
541 2765 708 2834 tumulum,
729 2765 825 2824 viridi
843 2784 936 2843 quem
959 2769 1096 2841 caespite
1115 2768 1241 2823 irruerem

267 2873 316 2932 Er
332 2874 488 2952 petruinus,
510 2890 658 2932 naussum
681 2873 831 2944 heremis,
854 2880 1041 2933 sacraverat
1060 2893 1145 2932 urae.

185 2979 475 3059 unquentorum
499 2981 639 3059 respexit
659 2981 839 3042 Martianus
863 2981 933 3061 llig.
957 2983 979 3041 l.
1002 2981 1032 3043 8,
1056 2979 1091 3044 fr.
1113 2980 1149 3043 7:
1172 2977 1427 3059 „cenotaphium

184 3107 312 3171 quoque
333 3086 436 3168 magis
457 3085 562 3166 placet
582 3084 684 3147 loeum
707 3105 784 3147 esse
804 3086 1004 3168 religiosum,
1035 3087 1118 3148 siout
1146 3089 1238 3148 testis
1265 3089 1298 3148 iu
1336 3106 1377 3148 ea
1398 3106 1435 3148 re

185 3207 237 3258 est
258 3191 458 3276 Vergilius.“
488 3195 638 3257 Celerum
659 3192 743 3276 quod
766 3195 907 3276 caespite
930 3193 1152 3258 Andromache
1176 3195 1327 3257 tumulum
1349 3210 1436 3255 uou-

126 3283 142 3306 ⁹
186 3305 262 3382 liuit,
284 3303 316 3364 iu
335 3321 423 3364 more
444 3303 584 3365 fortasse
605 3307 742 3386 positum
766 3314 852 3386 erat,
875 3325 970 3388 quum
993 3307 1123 3367 Suoton.
1146 3304 1185 3366 de
1207 3302 1355 3385 Caligula
1376 3303 1433 3365 59:

186 3411 364 3494 „Cadaver
383 3411 453 3472 eius
474 3411 552 3473 elam
578 3412 607 3472 in
629 3412 738 3474 bortos
761 3413 932 3475 Lamianos
954 3421 1151 3494 asportatum
1174 3420 1206 3474 at
1226 3412 1434 3473 tumultuario

184 3540 265 3602 rugo
286 3520 546 3583 semiambustum
570 3521 634 3581 levi
663 3522 804 3602 caespite
825 3521 971 3583 obrutum
994 3515 1081 3582 est.“
1123 3521 1253 3581 Aeneas
1276 3516 1317 3580 ad
1340 3518 1436 3580 Pali-

186 3651 297 3694 nurum
318 3632 379 3708 vl,
394 3629 470 3693 378:

89 3749 91 3753 ’
268 3741 354 3802 Num
375 3745 431 3799 tua
449 3738 586 3818 finitimi,
607 3735 700 3813 lotape
719 3737 844 3814 lateque
861 3753 920 3814 per
941 3735 1036 3795 urbes

269 3847 431 3923 Prodipir'e
453 3848 519 3905 uoti
539 3844 734 3918 coelestibus,
758 3864 833 3904 pseu
851 3843 992 3919 piabunt,

268 3955 317 4014 ΕΙ
334 3960 477 4016 statuent
495 3953 689 4015 tumulum
710 3958 743 4013 et
763 3951 882 4013 tumulo
903 3951 1070 4012 sollemnia
1090 3953 1221 4008 mittent.

186 4087 239 4147 ubi
268 4083 420 4147 Servius:
461 4085 540 4166 „De
566 4083 696 4146 historia
725 4081 787 4146 hoo
815 4083 924 4160 traxit3
957 4082 1099 4142 lruuanis
1130 4080 1211 4139 enim
1243 4079 1433 4158 pestilentia

186 4192 401 4256 laborantibus
423 4192 586 4275 respondit
606 4191 790 4270 oraculum,
825 4208 936 4251 manes
970 4186 1110 4250 Palinuri
1143 4203 1217 4246 esse
1238 4187 1431 4265 placandos,

187 4304 227 4365 ob
249 4319 344 4384 quam
373 4320 440 4362 rom
460 4321 522 4362 nou
541 4303 637 4383 longe
658 4317 677 4360 a
700 4298 795 4359 Velia
817 4303 850 4358 at
871 4297 973 4356 luuum
998 4303 1029 4355 et
1046 4291 1255 4372 cenotaphiou
1279 4293 1309 4354 ei
1331 4293 1435 4355 dede-

187 4403 293 4472 raut.“
335 4407 469 4470 Suetou
499 4404 609 4469 Claud.
641 4405 674 4468 1:
712 4403 892 4479 „Ceterum
922 4400 1081 4463 exereitus
1113 4399 1373 4462 honorarium
1407 4403 1439 4462 ei

187 4519 379 4582 tumulum
401 4511 589 4579 exaltavit.“
632 4515 781 4578 Omnium
803 4493 966 4574 notissima
987 4518 1062 4570 suut
1091 4507 1290 4588 Ceuotaphia
1311 4509 1439 4571 Pisana

189 4631 219 4689 iu
239 4627 390 4689 bouorem
411 4624 450 4687 C.
468 4633 501 4685 et
514 4625 552 4684 la
567 4623 744 4686 Caesarum
766 4622 905 4705 Augusti
929 4620 1064 4682 liliorum
1085 4626 1258 4680 exstructa.
1303 4614 1434 4695 Quodsi

189 4756 251 4798 nou
272 4734 381 4796 tumuli
401 4730 662 4810 exstruebantur,
692 4729 855 4812 religionis
877 4729 1091 4792 Romanorum
1115 4725 1233 4806 foisse,
1263 4726 1428 4805 pulverem
