<?xml version="1.0" encoding="UTF-8"?>
<!DOCTYPE html PUBLIC "-//W3C//DTD XHTML 1.0 Transitional//EN"
    "http://www.w3.org/TR/xhtml1/DTD/xhtml1-transitional.dtd">
<html xmlns="http://www.w3.org/1999/xhtml" xml:lang="en" lang="en">
 <head>
  <title>
</title>
<meta http-equiv="Content-Type" content="text/html;charset=utf-8" />
  <meta name='ocr-system' content='tesseract 3.04.00' />
  <meta name='ocr-capabilities' content='ocr_page ocr_carea ocr_par ocr_line ocrx_word'/>
</head>
<body>
  <div class='ocr_page' id='page_1' title='image "./antiquitatesver01lersgoog_0227.png"; bbox 0 0 3000 5184; ppageno 0'>
   <div class='ocr_carea' id='block_1_1' title="bbox 432 263 874 337">
    <p class='ocr_par' dir='ltr' id='par_1_1' title="bbox 432 263 874 337">
     <span class='ocr_line' id='line_1_1' title="bbox 432 263 874 337; baseline -0.002 -10"><span class='ocrx_word' id='word_1_1' title='bbox 432 263 494 337; x_wconf 46' lang='lat' dir='ltr'><strong>Ile,</strong></span> <span class='ocrx_word' id='word_1_2' title='bbox 516 267 697 328; x_wconf 83' lang='lat' dir='ltr'><strong>numeris</strong></span> <span class='ocrx_word' id='word_1_3' title='bbox 730 267 874 330; x_wconf 83' lang='lat' dir='ltr'><strong>saeris.</strong></span> 
     </span>
    </p>
   </div>
   <div class='ocr_carea' id='block_1_2' title="bbox 117 446 947 616">
    <p class='ocr_par' dir='ltr' id='par_1_2' title="bbox 117 446 947 616">
     <span class='ocr_line' id='line_1_2' title="bbox 117 446 947 522; baseline 0.004 -15"><span class='ocrx_word' id='word_1_4' title='bbox 117 446 322 522; x_wconf 72' lang='lat' dir='ltr'><strong>Quattuor</strong></span> <span class='ocrx_word' id='word_1_5' title='bbox 342 449 394 508; x_wconf 75' lang='lat' dir='ltr'><strong>laia</strong></span> <span class='ocrx_word' id='word_1_6' title='bbox 413 468 491 510; x_wconf 77' lang='lat' dir='ltr'><strong>urse</strong></span> <span class='ocrx_word' id='word_1_7' title='bbox 512 448 579 510; x_wconf 82' lang='lat' dir='ltr'><strong>alta</strong></span> <span class='ocrx_word' id='word_1_8' title='bbox 599 449 644 509; x_wconf 80' lang='lat' dir='ltr'><strong>ud</strong></span> <span class='ocrx_word' id='word_1_9' title='bbox 661 450 793 510; x_wconf 63' lang='lat' dir='ltr'><strong>Mra</strong></span> <span class='ocrx_word' id='word_1_10' title='bbox 815 453 947 512; x_wconf 56' lang='lat' dir='ltr'><strong>&amp;uruat</strong></span> 
     </span>
     <span class='ocr_line' id='line_1_3' title="bbox 119 554 521 616; baseline -0.005 0"><span class='ocrx_word' id='word_1_11' title='bbox 119 554 299 616; x_wconf 74' lang='lat' dir='ltr'><strong>Conrtrtue.</strong></span> <span class='ocrx_word' id='word_1_12' title='bbox 517 567 521 574; x_wconf 66' lang='lat'><strong>⁴</strong></span> 
     </span>
    </p>
   </div>
   <div class='ocr_carea' id='block_1_3' title="bbox 33 661 1322 858">
    <p class='ocr_par' dir='ltr' id='par_1_3' title="bbox 33 661 1322 858">
     <span class='ocr_line' id='line_1_4' title="bbox 33 661 1284 750; baseline 0.007 -27"><span class='ocrx_word' id='word_1_13' title='bbox 33 661 197 739; x_wconf 76' lang='lat' dir='ltr'><strong>Quattuor</strong></span> <span class='ocrx_word' id='word_1_14' title='bbox 216 683 294 726; x_wconf 84' lang='lat' dir='ltr'><strong>arae</strong></span> <span class='ocrx_word' id='word_1_15' title='bbox 313 665 427 748; x_wconf 79' lang='lat' dir='ltr'><strong>Eulog.</strong></span> <span class='ocrx_word' id='word_1_16' title='bbox 450 667 503 749; x_wconf 85' lang='lat' dir='ltr'><strong>V,</strong></span> <span class='ocrx_word' id='word_1_17' title='bbox 522 667 585 743; x_wconf 65' lang='lat'><strong>65„</strong></span> <span class='ocrx_word' id='word_1_18' title='bbox 605 677 640 729; x_wconf 91' lang='lat' dir='ltr'><strong>ut</strong></span> <span class='ocrx_word' id='word_1_19' title='bbox 662 667 815 749; x_wconf 85' lang='lat' dir='ltr'><strong>vidimus,</strong></span> <span class='ocrx_word' id='word_1_20' title='bbox 838 668 869 730; x_wconf 90' lang='lat' dir='ltr'><strong>in</strong></span> <span class='ocrx_word' id='word_1_21' title='bbox 891 667 952 730; x_wconf 88' lang='lat' dir='ltr'><strong>duo</strong></span> <span class='ocrx_word' id='word_1_22' title='bbox 974 678 1048 731; x_wconf 90' lang='lat' dir='ltr'><strong>sunt</strong></span> <span class='ocrx_word' id='word_1_23' title='bbox 1068 672 1154 750; x_wconf 87' lang='lat' dir='ltr'><strong>paria</strong></span> <span class='ocrx_word' id='word_1_24' title='bbox 1175 670 1284 733; x_wconf 88' lang='lat' dir='ltr'><strong>distri-</strong></span> 
     </span>
     <span class='ocr_line' id='line_1_5' title="bbox 33 770 1322 858; baseline 0.009 -28"><span class='ocrx_word' id='word_1_25' title='bbox 33 770 334 854; x_wconf 87' lang='lat' dir='ltr'><strong>hneorlae‚.itaque</strong></span> <span class='ocrx_word' id='word_1_26' title='bbox 363 776 426 837; x_wconf 87' lang='lat' dir='ltr'><strong>hoo</strong></span> <span class='ocrx_word' id='word_1_27' title='bbox 452 795 580 858; x_wconf 86' lang='lat' dir='ltr'><strong>quoque</strong></span> <span class='ocrx_word' id='word_1_28' title='bbox 615 779 686 840; x_wconf 88' lang='lat' dir='ltr'><strong>loeo</strong></span> <span class='ocrx_word' id='word_1_29' title='bbox 713 776 777 838; x_wconf 85' lang='lat' dir='ltr'><strong>duo</strong></span> <span class='ocrx_word' id='word_1_30' title='bbox 799 779 879 840; x_wconf 83' lang='lat' dir='ltr'><strong>tauri</strong></span> <span class='ocrx_word' id='word_1_31' title='bbox 900 797 974 841; x_wconf 89' lang='lat' dir='ltr'><strong>oum</strong></span> <span class='ocrx_word' id='word_1_32' title='bbox 998 777 1120 840; x_wconf 86' lang='lat' dir='ltr'><strong>duabus</strong></span> <span class='ocrx_word' id='word_1_33' title='bbox 1141 781 1287 843; x_wconf 81' lang='lat' dir='ltr'><strong>iuvencis</strong></span> <span class='ocrx_word' id='word_1_34' title='bbox 1315 798 1322 808; x_wconf 83' lang='grc'><strong><em>·</em></strong></span> 
     </span>
    </p>
   </div>
   <div class='ocr_carea' id='block_1_4' title="bbox 34 877 1415 966">
    <p class='ocr_par' dir='ltr' id='par_1_4' title="bbox 34 877 1415 966">
     <span class='ocr_line' id='line_1_6' title="bbox 34 877 1415 966; baseline 0.009 -28"><span class='ocrx_word' id='word_1_35' title='bbox 34 877 180 959; x_wconf 80' lang='lat' dir='ltr'><strong>Orpheo,</strong></span> <span class='ocrx_word' id='word_1_36' title='bbox 201 879 264 943; x_wconf 82' lang='lat' dir='ltr'><strong>(luo</strong></span> <span class='ocrx_word' id='word_1_37' title='bbox 285 881 458 946; x_wconf 79' lang='lat' dir='ltr'><strong>hluridioae</strong></span> <span class='ocrx_word' id='word_1_38' title='bbox 480 893 570 944; x_wconf 91' lang='lat' dir='ltr'><strong>erunt</strong></span> <span class='ocrx_word' id='word_1_39' title='bbox 591 884 757 948; x_wconf 83' lang='lat' dir='ltr'><strong>tribuendi.</strong></span> <span class='ocrx_word' id='word_1_40' title='bbox 802 885 961 962; x_wconf 77' lang='lat' dir='ltr'><strong>Quattuor</strong></span> <span class='ocrx_word' id='word_1_41' title='bbox 994 904 1095 966; x_wconf 87' lang='lat' dir='ltr'><strong>equos</strong></span> <span class='ocrx_word' id='word_1_42' title='bbox 1122 886 1190 962; x_wconf 89' lang='grc' dir='ltr'>ΙΙΙ,</span> <span class='ocrx_word' id='word_1_43' title='bbox 1217 885 1287 949; x_wconf 80' lang='grc'><strong>537.</strong></span> <span class='ocrx_word' id='word_1_44' title='bbox 1366 887 1368 894; x_wconf 86' lang='grc'><strong>’</strong></span> <span class='ocrx_word' id='word_1_45' title='bbox 1411 926 1415 937; x_wconf 74' lang='grc'><strong>«</strong></span> 
     </span>
    </p>
   </div>
   <div class='ocr_carea' id='block_1_5' title="bbox 32 985 1285 1070">
    <p class='ocr_par' dir='ltr' id='par_1_5' title="bbox 32 985 1285 1070">
     <span class='ocr_line' id='line_1_7' title="bbox 32 985 1285 1070; baseline 0.009 -26"><span class='ocrx_word' id='word_1_46' title='bbox 32 985 72 1044; x_wconf 83' lang='lat' dir='ltr'><strong>ah</strong></span> <span class='ocrx_word' id='word_1_47' title='bbox 94 985 241 1049; x_wconf 77' lang='lat' dir='ltr'><strong>Anchisa</strong></span> <span class='ocrx_word' id='word_1_48' title='bbox 262 987 293 1048; x_wconf 90' lang='lat' dir='ltr'><strong>in</strong></span> <span class='ocrx_word' id='word_1_49' title='bbox 321 994 465 1068; x_wconf 83' lang='lat' dir='ltr'><strong>gramine</strong></span> <span class='ocrx_word' id='word_1_50' title='bbox 487 990 600 1067; x_wconf 86' lang='lat' dir='ltr'><strong>visos,</strong></span> <span class='ocrx_word' id='word_1_51' title='bbox 633 999 666 1051; x_wconf 91' lang='lat' dir='ltr'><strong>et</strong></span> <span class='ocrx_word' id='word_1_52' title='bbox 693 991 807 1070; x_wconf 86' lang='lat' dir='ltr'><strong>quihus</strong></span> <span class='ocrx_word' id='word_1_53' title='bbox 832 991 1021 1054; x_wconf 78' lang='lat' dir='ltr'><strong>Salmoneus</strong></span> <span class='ocrx_word' id='word_1_54' title='bbox 1042 993 1203 1054; x_wconf 88' lang='lat' dir='ltr'><strong>invehitur</strong></span> <span class='ocrx_word' id='word_1_55' title='bbox 1224 993 1285 1070; x_wconf 86' lang='lat' dir='ltr'><strong>Vl,</strong></span> 
     </span>
    </p>
   </div>
   <div class='ocr_carea' id='block_1_6' title="bbox 32 1091 1442 1181">
    <p class='ocr_par' dir='ltr' id='par_1_6' title="bbox 32 1091 1442 1181">
     <span class='ocr_line' id='line_1_8' title="bbox 32 1091 1442 1181; baseline 0.007 -28"><span class='ocrx_word' id='word_1_56' title='bbox 32 1091 119 1169; x_wconf 67' lang='lat'><strong>587„</strong></span> <span class='ocrx_word' id='word_1_57' title='bbox 151 1098 216 1156; x_wconf 90' lang='lat' dir='ltr'><strong>iam</strong></span> <span class='ocrx_word' id='word_1_58' title='bbox 243 1113 344 1176; x_wconf 82' lang='lat' dir='ltr'><strong>supra</strong></span> <span class='ocrx_word' id='word_1_59' title='bbox 374 1096 417 1159; x_wconf 84' lang='lat' dir='ltr'><strong>ad</strong></span> <span class='ocrx_word' id='word_1_60' title='bbox 443 1098 664 1179; x_wconf 74' lang='lat' dir='ltr'><strong>triumphalem</strong></span> <span class='ocrx_word' id='word_1_61' title='bbox 699 1118 825 1162; x_wconf 88' lang='lat' dir='ltr'><strong>ourrum</strong></span> <span class='ocrx_word' id='word_1_62' title='bbox 847 1101 962 1163; x_wconf 87' lang='lat' dir='ltr'><strong>rettuli.</strong></span> <span class='ocrx_word' id='word_1_63' title='bbox 1010 1103 1126 1181; x_wconf 90' lang='lat' dir='ltr'><strong>Neque</strong></span> <span class='ocrx_word' id='word_1_64' title='bbox 1156 1099 1289 1181; x_wconf 82' lang='lat' dir='ltr'><strong>denique</strong></span> <span class='ocrx_word' id='word_1_65' title='bbox 1330 1111 1338 1119; x_wconf 79' lang='grc'><strong>“</strong></span> <span class='ocrx_word' id='word_1_66' title='bbox 1436 1125 1442 1154; x_wconf 75' lang='lat' dir='ltr'><em>e</em></span> 
     </span>
    </p>
   </div>
   <div class='ocr_carea' id='block_1_7' title="bbox 32 1202 1291 1720">
    <p class='ocr_par' dir='ltr' id='par_1_7' title="bbox 32 1202 1291 1587">
     <span class='ocr_line' id='line_1_9' title="bbox 32 1202 1288 1291; baseline 0.01 -31"><span class='ocrx_word' id='word_1_67' title='bbox 32 1202 271 1284; x_wconf 84' lang='lat' dir='ltr'><strong>negligendum</strong></span> <span class='ocrx_word' id='word_1_68' title='bbox 293 1215 362 1286; x_wconf 79' lang='lat' dir='ltr'><strong>est,</strong></span> <span class='ocrx_word' id='word_1_69' title='bbox 400 1205 483 1286; x_wconf 84' lang='lat' dir='ltr'><strong>quod</strong></span> <span class='ocrx_word' id='word_1_70' title='bbox 505 1209 551 1282; x_wconf 87' lang='lat' dir='ltr'><strong>ll,</strong></span> <span class='ocrx_word' id='word_1_71' title='bbox 570 1207 747 1270; x_wconf 73' lang='lat' dir='ltr'><strong>oto-ata</strong></span> <span class='ocrx_word' id='word_1_72' title='bbox 770 1211 1077 1290; x_wconf 83' lang='lat' dir='ltr'><strong>quattuor&#39;numina,</strong></span> <span class='ocrx_word' id='word_1_73' title='bbox 1100 1210 1288 1291; x_wconf 80' lang='lat' dir='ltr'><strong>Neptunus,</strong></span> 
     </span>
     <span class='ocr_line' id='line_1_10' title="bbox 34 1307 1287 1395; baseline 0.01 -28"><span class='ocrx_word' id='word_1_74' title='bbox 34 1307 134 1384; x_wconf 90' lang='lat' dir='ltr'><strong>luno,</strong></span> <span class='ocrx_word' id='word_1_75' title='bbox 159 1310 280 1390; x_wconf 87' lang='lat' dir='ltr'><strong>Pallas,</strong></span> <span class='ocrx_word' id='word_1_76' title='bbox 301 1313 443 1392; x_wconf 90' lang='lat' dir='ltr'><strong>Iuppiter</strong></span> <span class='ocrx_word' id='word_1_77' title='bbox 463 1314 581 1375; x_wconf 79' lang='lat' dir='ltr'><strong>&#39;l&#39;roiae</strong></span> <span class='ocrx_word' id='word_1_78' title='bbox 601 1314 759 1376; x_wconf 78' lang='lat' dir='ltr'><strong>exeirlium</strong></span> <span class='ocrx_word' id='word_1_79' title='bbox 781 1325 902 1395; x_wconf 89' lang='lat' dir='ltr'><strong>parant.</strong></span> <span class='ocrx_word' id='word_1_80' title='bbox 945 1318 1044 1378; x_wconf 77' lang='lat' dir='ltr'><strong>&#39;l&#39;este</strong></span> <span class='ocrx_word' id='word_1_81' title='bbox 1068 1317 1183 1378; x_wconf 88' lang='lat' dir='ltr'><strong>Servio</strong></span> <span class='ocrx_word' id='word_1_82' title='bbox 1206 1319 1287 1380; x_wconf 87' lang='lat' dir='ltr'><strong>Aen.</strong></span> 
     </span>
     <span class='ocr_line' id='line_1_11' title="bbox 35 1414 1291 1508; baseline 0.014 -35"><span class='ocrx_word' id='word_1_83' title='bbox 35 1414 92 1488; x_wconf 86' lang='grc' dir='ltr'>ΙΙΙ,</span> <span class='ocrx_word' id='word_1_84' title='bbox 117 1415 178 1479; x_wconf 68' lang='lat' dir='ltr'><strong>tax</strong></span> <span class='ocrx_word' id='word_1_85' title='bbox 214 1416 286 1477; x_wconf 74' lang='lat' dir='ltr'><strong>nuit</strong></span> <span class='ocrx_word' id='word_1_86' title='bbox 308 1423 417 1498; x_wconf 70' lang='lat' dir='ltr'><strong>magui</strong></span> <span class='ocrx_word' id='word_1_87' title='bbox 435 1429 509 1481; x_wconf 86' lang='lat' dir='ltr'><strong>sunt</strong></span> <span class='ocrx_word' id='word_1_88' title='bbox 530 1420 684 1501; x_wconf 86' lang='lat' dir='ltr'><strong>luppiter,</strong></span> <span class='ocrx_word' id='word_1_89' title='bbox 709 1423 806 1498; x_wconf 88' lang='lat' dir='ltr'><strong>luno,</strong></span> <span class='ocrx_word' id='word_1_90' title='bbox 838 1423 1003 1503; x_wconf 82' lang='lat' dir='ltr'><strong>Minerva,</strong></span> <span class='ocrx_word' id='word_1_91' title='bbox 1024 1423 1216 1503; x_wconf 77' lang='lat' dir='ltr'><strong>Mercurius,</strong></span> <span class='ocrx_word' id='word_1_92' title='bbox 1237 1436 1291 1508; x_wconf 83' lang='lat' dir='ltr'><strong>qui</strong></span> 
     </span>
     <span class='ocr_line' id='line_1_12' title="bbox 35 1520 398 1587; baseline -0.003 -4"><span class='ocrx_word' id='word_1_93' title='bbox 35 1520 166 1584; x_wconf 83' lang='lat' dir='ltr'><strong>Romae</strong></span> <span class='ocrx_word' id='word_1_94' title='bbox 186 1525 398 1587; x_wconf 79' lang='lat' dir='ltr'><strong>eolehantur.o</strong></span> 
     </span>
    </p>

    <p class='ocr_par' dir='ltr' id='par_1_8' title="bbox 122 1630 1290 1720">
     <span class='ocr_line' id='line_1_13' title="bbox 122 1630 1290 1720; baseline 0.01 -28"><span class='ocrx_word' id='word_1_95' title='bbox 122 1631 201 1693; x_wconf 87' lang='lat' dir='ltr'><strong>Vll.</strong></span> <span class='ocrx_word' id='word_1_96' title='bbox 244 1633 310 1692; x_wconf 86' lang='lat' dir='ltr'><strong>Hie</strong></span> <span class='ocrx_word' id='word_1_97' title='bbox 328 1651 475 1694; x_wconf 89' lang='lat' dir='ltr'><strong>numerus</strong></span> <span class='ocrx_word' id='word_1_98' title='bbox 497 1630 624 1713; x_wconf 81' lang='lat' dir='ltr'><strong>propter</strong></span> <span class='ocrx_word' id='word_1_99' title='bbox 644 1632 785 1696; x_wconf 83' lang='lat' dir='ltr'><strong>siderum</strong></span> <span class='ocrx_word' id='word_1_100' title='bbox 806 1639 929 1697; x_wconf 88' lang='lat' dir='ltr'><strong>ratione</strong></span> <span class='ocrx_word' id='word_1_101' title='bbox 950 1635 981 1697; x_wconf 91' lang='lat' dir='ltr'><strong>in</strong></span> <span class='ocrx_word' id='word_1_102' title='bbox 1003 1639 1086 1699; x_wconf 90' lang='lat' dir='ltr'><strong>omni</strong></span> <span class='ocrx_word' id='word_1_103' title='bbox 1106 1642 1290 1720; x_wconf 83' lang='lat' dir='ltr'><strong>populorum</strong></span> 
     </span>
    </p>
   </div>
   <div class='ocr_carea' id='block_1_8' title="bbox 36 1738 1423 1824">
    <p class='ocr_par' dir='ltr' id='par_1_9' title="bbox 36 1738 1423 1824">
     <span class='ocr_line' id='line_1_14' title="bbox 36 1738 1423 1824; baseline 0.009 -26"><span class='ocrx_word' id='word_1_104' title='bbox 36 1738 107 1800; x_wconf 83' lang='lat' dir='ltr'><strong>rita</strong></span> <span class='ocrx_word' id='word_1_105' title='bbox 126 1758 279 1822; x_wconf 83' lang='lat' dir='ltr'><strong>magnam</strong></span> <span class='ocrx_word' id='word_1_106' title='bbox 300 1739 410 1803; x_wconf 83' lang='lat' dir='ltr'><strong>hahuit</strong></span> <span class='ocrx_word' id='word_1_107' title='bbox 435 1745 511 1804; x_wconf 87' lang='lat' dir='ltr'><strong>viru.</strong></span> <span class='ocrx_word' id='word_1_108' title='bbox 553 1741 581 1803; x_wconf 77' lang='lat' dir='ltr'><strong>u</strong></span> <span class='ocrx_word' id='word_1_109' title='bbox 614 1742 694 1804; x_wconf 86' lang='lat' dir='ltr'><strong>loeis</strong></span> <span class='ocrx_word' id='word_1_110' title='bbox 729 1743 926 1824; x_wconf 85' lang='lat' dir='ltr'><strong>Vergilianis</strong></span> <span class='ocrx_word' id='word_1_111' title='bbox 947 1762 1068 1823; x_wconf 87' lang='lat' dir='ltr'><strong>pauoos</strong></span> <span class='ocrx_word' id='word_1_112' title='bbox 1091 1753 1211 1808; x_wconf 86' lang='lat' dir='ltr'><strong>tautum</strong></span> <span class='ocrx_word' id='word_1_113' title='bbox 1232 1765 1290 1808; x_wconf 79' lang='lat' dir='ltr'><strong>se-</strong></span> <span class='ocrx_word' id='word_1_114' title='bbox 1418 1739 1423 1756; x_wconf 88' lang='grc'><em>’</em></span> 
     </span>
    </p>
   </div>
   <div class='ocr_carea' id='block_1_9' title="bbox 36 1837 1361 4638">
    <p class='ocr_par' dir='ltr' id='par_1_10' title="bbox 36 1837 1290 2366">
     <span class='ocr_line' id='line_1_15' title="bbox 36 1837 1290 1934; baseline 0.011 -29"><span class='ocrx_word' id='word_1_115' title='bbox 36 1846 188 1927; x_wconf 83' lang='lat' dir='ltr'><strong>ligendos</strong></span> <span class='ocrx_word' id='word_1_116' title='bbox 210 1863 285 1910; x_wconf 87' lang='lat' dir='ltr'><strong>esse</strong></span> <span class='ocrx_word' id='word_1_117' title='bbox 307 1842 397 1925; x_wconf 67' lang='lat' dir='ltr'><strong>duxi‚&#39;&#39;</strong></span> <span class='ocrx_word' id='word_1_118' title='bbox 419 1852 475 1928; x_wconf 87' lang='lat' dir='ltr'><strong>qui</strong></span> <span class='ocrx_word' id='word_1_119' title='bbox 496 1847 537 1911; x_wconf 90' lang='lat' dir='ltr'><strong>ad</strong></span> <span class='ocrx_word' id='word_1_120' title='bbox 558 1837 736 1930; x_wconf 71' lang='lat' dir='ltr'><strong>Apollinem</strong></span> <span class='ocrx_word' id='word_1_121' title='bbox 758 1859 921 1932; x_wconf 78' lang='lat' dir='ltr'><strong>artemque</strong></span> <span class='ocrx_word' id='word_1_122' title='bbox 943 1857 1097 1916; x_wconf 83' lang='lat' dir='ltr'><strong>musicam</strong></span> <span class='ocrx_word' id='word_1_123' title='bbox 1119 1855 1290 1934; x_wconf 82' lang='lat' dir='ltr'><strong>pertinenlt</strong></span> 
     </span>
     <span class='ocr_line' id='line_1_16' title="bbox 38 1951 1084 2034; baseline 0.007 -22"><span class='ocrx_word' id='word_1_124' title='bbox 38 1951 176 2015; x_wconf 85' lang='lat' dir='ltr'><strong>Phoebo</strong></span> <span class='ocrx_word' id='word_1_125' title='bbox 198 1953 385 2034; x_wconf 76' lang='lat' dir='ltr'><strong>Dianaeque</strong></span> <span class='ocrx_word' id='word_1_126' title='bbox 407 1954 474 2031; x_wconf 90' lang='lat' dir='ltr'><strong>Vl,</strong></span> <span class='ocrx_word' id='word_1_127' title='bbox 495 1953 552 2016; x_wconf 81' lang='lat'><strong>38:</strong></span> <span class='ocrx_word' id='word_1_128' title='bbox 1082 1958 1084 1965; x_wconf 87' lang='lat'>&#39;</span> 
     </span>
     <span class='ocr_line' id='line_1_17' title="bbox 123 2055 1063 2140; baseline 0.002 -16"><span class='ocrx_word' id='word_1_129' title='bbox 123 2064 225 2125; x_wconf 82' lang='lat' dir='ltr'><strong>Nunc</strong></span> <span class='ocrx_word' id='word_1_130' title='bbox 243 2068 341 2139; x_wconf 74' lang='lat' dir='ltr'><strong>prepe</strong></span> <span class='ocrx_word' id='word_1_131' title='bbox 362 2062 401 2121; x_wconf 84' lang='lat' dir='ltr'><strong>de</strong></span> <span class='ocrx_word' id='word_1_132' title='bbox 420 2065 536 2122; x_wconf 81' lang='lat' dir='ltr'><strong>intorto</strong></span> <span class='ocrx_word' id='word_1_133' title='bbox 558 2069 712 2140; x_wconf 77' lang='lat' dir='ltr'><strong>septem</strong></span> <span class='ocrx_word' id='word_1_134' title='bbox 733 2071 875 2124; x_wconf 80' lang='lat' dir='ltr'><strong>muctare</strong></span> <span class='ocrx_word' id='word_1_135' title='bbox 895 2055 1063 2126; x_wconf 70' lang='lat' dir='ltr'><strong>iuvencos&#39;</strong></span> 
     </span>
     <span class='ocr_line' id='line_1_18' title="bbox 122 2167 977 2241; baseline -0.002 -6"><span class='ocrx_word' id='word_1_136' title='bbox 122 2175 335 2241; x_wconf 65' lang='lat' dir='ltr'><strong>Praestiterat,</strong></span> <span class='ocrx_word' id='word_1_137' title='bbox 359 2167 530 2230; x_wconf 78' lang='lat' dir='ltr'><strong>tolidem&#39;</strong></span> <span class='ocrx_word' id='word_1_138' title='bbox 545 2169 645 2229; x_wconf 71' lang='lat' dir='ltr'><strong>leorae</strong></span> <span class='ocrx_word' id='word_1_139' title='bbox 665 2171 704 2230; x_wconf 85' lang='lat' dir='ltr'><strong>de</strong></span> <span class='ocrx_word' id='word_1_140' title='bbox 725 2191 811 2230; x_wconf 75' lang='lat' dir='ltr'><strong>neore</strong></span> <span class='ocrx_word' id='word_1_141' title='bbox 832 2172 977 2236; x_wconf 79' lang='lat' dir='ltr'><strong>bidentis.</strong></span> 
     </span>
     <span class='ocr_line' id='line_1_19' title="bbox 40 2276 759 2366; baseline 0 -26"><span class='ocrx_word' id='word_1_142' title='bbox 40 2279 211 2342; x_wconf 81' lang='lat' dir='ltr'><strong>&#39;l&#39;hreioius</strong></span> <span class='ocrx_word' id='word_1_143' title='bbox 231 2277 386 2340; x_wconf 81' lang='lat' dir='ltr'><strong>sacerdos</strong></span> <span class='ocrx_word' id='word_1_144' title='bbox 406 2276 486 2340; x_wconf 71' lang='lat'><strong>6462</strong></span> <span class='ocrx_word' id='word_1_145' title='bbox 757 2361 759 2366; x_wconf 16' lang='grc' dir='ltr'><strong><em>Δ</em></strong></span> 
     </span>
    </p>

    <p class='ocr_par' dir='ltr' id='par_1_11' title="bbox 42 2386 1146 2577">
     <span class='ocr_line' id='line_1_20' title="bbox 126 2386 1146 2466; baseline -0.001 -18"><span class='ocrx_word' id='word_1_146' title='bbox 126 2387 314 2466; x_wconf 76' lang='lat' dir='ltr'><strong>obloquitur</strong></span> <span class='ocrx_word' id='word_1_147' title='bbox 335 2388 477 2446; x_wconf 67' lang='lat' dir='ltr'><strong>nomem</strong></span> <span class='ocrx_word' id='word_1_148' title='bbox 499 2391 652 2462; x_wconf 81' lang='lat' dir='ltr'><strong>septem</strong></span> <span class='ocrx_word' id='word_1_149' title='bbox 673 2386 857 2445; x_wconf 67' lang='lat' dir='ltr'><strong>dheriminn</strong></span> <span class='ocrx_word' id='word_1_150' title='bbox 886 2405 1008 2447; x_wconf 80' lang='lat' dir='ltr'><strong>vocum.</strong></span> <span class='ocrx_word' id='word_1_151' title='bbox 1145 2407 1146 2414; x_wconf 53' lang='lat'>¹</span> 
     </span>
     <span class='ocr_line' id='line_1_21' title="bbox 42 2469 1028 2577; baseline 0.001 -20"><span class='ocrx_word' id='word_1_152' title='bbox 42 2495 162 2577; x_wconf 75' lang='lat' dir='ltr'><strong>holog.</strong></span> <span class='ocrx_word' id='word_1_153' title='bbox 183 2496 236 2568; x_wconf 83' lang='grc' dir='ltr'><strong>ΙΙ,</strong></span> <span class='ocrx_word' id='word_1_154' title='bbox 257 2491 315 2558; x_wconf 71' lang='lat' dir='ltr'><strong>aaz</strong></span> <span class='ocrx_word' id='word_1_155' title='bbox 1024 2469 1028 2481; x_wconf 41' lang='lat'><strong><em>¹</em></strong></span> 
     </span>
    </p>

    <p class='ocr_par' dir='ltr' id='par_1_12' title="bbox 125 2602 989 2680">
     <span class='ocr_line' id='line_1_22' title="bbox 125 2602 989 2680; baseline -0.002 -15"><span class='ocrx_word' id='word_1_156' title='bbox 125 2606 195 2666; x_wconf 68' lang='lat' dir='ltr'><strong>uer</strong></span> <span class='ocrx_word' id='word_1_157' title='bbox 214 2604 295 2662; x_wconf 76' lang='lat' dir='ltr'><strong>mihi</strong></span> <span class='ocrx_word' id='word_1_158' title='bbox 313 2602 493 2678; x_wconf 69' lang='lat' dir='ltr'><strong>dtepun&#39;btts</strong></span> <span class='ocrx_word' id='word_1_159' title='bbox 516 2609 673 2680; x_wconf 79' lang='lat' dir='ltr'><strong>septem</strong></span> <span class='ocrx_word' id='word_1_160' title='bbox 695 2609 857 2679; x_wconf 78' lang='lat' dir='ltr'><strong>compacto</strong></span> <span class='ocrx_word' id='word_1_161' title='bbox 877 2607 989 2663; x_wconf 78' lang='lat' dir='ltr'><strong>eientr&#39;s</strong></span> 
     </span>
    </p>

    <p class='ocr_par' dir='ltr' id='par_1_13' title="bbox 43 2711 1361 3120">
     <span class='ocr_line' id='line_1_23' title="bbox 126 2711 266 2773; baseline -0.021 0"><span class='ocrx_word' id='word_1_162' title='bbox 126 2711 266 2773; x_wconf 70' lang='lat' dir='ltr'><strong>Fatela</strong></span> 
     </span>
     <span class='ocr_line' id='line_1_24' title="bbox 43 2802 1289 2904; baseline 0.003 -24"><span class='ocrx_word' id='word_1_163' title='bbox 43 2819 186 2897; x_wconf 73' lang='lat' dir='ltr'><strong>Septem</strong></span> <span class='ocrx_word' id='word_1_164' title='bbox 207 2821 269 2880; x_wconf 83' lang='lat' dir='ltr'><strong>telo</strong></span> <span class='ocrx_word' id='word_1_165' title='bbox 296 2819 345 2896; x_wconf 84' lang='lat' dir='ltr'><strong>X,</strong></span> <span class='ocrx_word' id='word_1_166' title='bbox 375 2802 448 2879; x_wconf 61' lang='lat' dir='ltr'><strong>3²9ss</strong></span> <span class='ocrx_word' id='word_1_167' title='bbox 470 2819 530 2881; x_wconf 88' lang='lat' dir='ltr'><strong>iam</strong></span> <span class='ocrx_word' id='word_1_168' title='bbox 553 2818 793 2898; x_wconf 79' lang='lat' dir='ltr'><strong>explicavimus,</strong></span> <span class='ocrx_word' id='word_1_169' title='bbox 837 2821 967 2881; x_wconf 82' lang='lat' dir='ltr'><strong>Aeneae</strong></span> <span class='ocrx_word' id='word_1_170' title='bbox 993 2831 1115 2902; x_wconf 87' lang='lat' dir='ltr'><strong>septem</strong></span> <span class='ocrx_word' id='word_1_171' title='bbox 1138 2841 1242 2885; x_wconf 88' lang='lat' dir='ltr'><strong>naves</strong></span> <span class='ocrx_word' id='word_1_172' title='bbox 1263 2825 1289 2904; x_wconf 90' lang='lat'><strong>1,</strong></span> 
     </span>
     <span class='ocr_line' id='line_1_25' title="bbox 46 2908 1361 3009; baseline 0.005 -20"><span class='ocrx_word' id='word_1_173' title='bbox 46 2929 117 2992; x_wconf 84' lang='lat'>170.</span> <span class='ocrx_word' id='word_1_174' title='bbox 140 2937 324 3006; x_wconf 83' lang='lat' dir='ltr'><strong>servantur3</strong></span> <span class='ocrx_word' id='word_1_175' title='bbox 348 2940 471 3009; x_wconf 89' lang='lat' dir='ltr'><strong>septem</strong></span> <span class='ocrx_word' id='word_1_176' title='bbox 499 2908 613 2990; x_wconf 80' lang='lat' dir='ltr'><strong>neruos</strong></span> <span class='ocrx_word' id='word_1_177' title='bbox 638 2930 704 2991; x_wconf 70' lang='lat' dir='ltr'><strong>tet.</strong></span> <span class='ocrx_word' id='word_1_178' title='bbox 726 2931 838 2991; x_wconf 88' lang='lat' dir='ltr'><strong>sternit</strong></span> <span class='ocrx_word' id='word_1_179' title='bbox 858 2943 890 2992; x_wconf 90' lang='lat' dir='ltr'><strong>et</strong></span> <span class='ocrx_word' id='word_1_180' title='bbox 912 2931 941 2990; x_wconf 92' lang='lat' dir='ltr'><strong>in</strong></span> <span class='ocrx_word' id='word_1_181' title='bbox 964 2931 1033 2992; x_wconf 88' lang='lat' dir='ltr'><strong>illas</strong></span> <span class='ocrx_word' id='word_1_182' title='bbox 1051 2919 1158 2992; x_wconf 86' lang='lat' dir='ltr'><strong>haves</strong></span> <span class='ocrx_word' id='word_1_183' title='bbox 1181 2932 1291 2995; x_wconf 87' lang='lat' dir='ltr'><strong>distri·</strong></span> <span class='ocrx_word' id='word_1_184' title='bbox 1356 2947 1361 2963; x_wconf 63' lang='lat'>¹</span> 
     </span>
     <span class='ocr_line' id='line_1_26' title="bbox 44 3011 1289 3120; baseline 0.009 -23"><span class='ocrx_word' id='word_1_185' title='bbox 44 3038 122 3098; x_wconf 89' lang='lat' dir='ltr'><strong>huit.</strong></span> <span class='ocrx_word' id='word_1_186' title='bbox 167 3039 294 3120; x_wconf 81' lang='lat' dir='ltr'><strong>Anguis</strong></span> <span class='ocrx_word' id='word_1_187' title='bbox 318 3037 444 3102; x_wconf 84' lang='lat' dir='ltr'><strong>faustus</strong></span> <span class='ocrx_word' id='word_1_188' title='bbox 466 3039 518 3116; x_wconf 85' lang='lat' dir='ltr'><strong>V,</strong></span> <span class='ocrx_word' id='word_1_189' title='bbox 539 3039 600 3102; x_wconf 83' lang='lat'><strong>85:</strong></span> <span class='ocrx_word' id='word_1_190' title='bbox 1286 3011 1289 3030; x_wconf 21' lang='lat' dir='ltr'><em>a</em></span> 
     </span>
    </p>

    <p class='ocr_par' dir='ltr' id='par_1_14' title="bbox 129 3147 1070 3226">
     <span class='ocr_line' id='line_1_27' title="bbox 129 3147 1070 3226; baseline 0.006 -18"><span class='ocrx_word' id='word_1_191' title='bbox 129 3147 293 3224; x_wconf 79' lang='lat' dir='ltr'><strong>Septem</strong></span> <span class='ocrx_word' id='word_1_192' title='bbox 314 3149 428 3222; x_wconf 72' lang='lat' dir='ltr'><strong>inperat</strong></span> <span class='ocrx_word' id='word_1_193' title='bbox 448 3165 559 3224; x_wconf 76' lang='lat' dir='ltr'><strong>pyros,</strong></span> <span class='ocrx_word' id='word_1_194' title='bbox 582 3155 757 3226; x_wconf 81' lang='lat' dir='ltr'><strong>septena</strong></span> <span class='ocrx_word' id='word_1_195' title='bbox 778 3151 938 3211; x_wconf 80' lang='lat' dir='ltr'><strong>volumina</strong></span> <span class='ocrx_word' id='word_1_196' title='bbox 958 3153 1070 3214; x_wconf 62' lang='lat' dir='ltr'><strong>trusit.</strong></span> 
     </span>
    </p>

    <p class='ocr_par' dir='ltr' id='par_1_15' title="bbox 46 3246 1292 3426">
     <span class='ocr_line' id='line_1_28' title="bbox 46 3246 1292 3340; baseline -0.001 -23"><span class='ocrx_word' id='word_1_197' title='bbox 46 3256 140 3317; x_wconf 82' lang='lat' dir='ltr'><strong>&#39;l&#39;alia</strong></span> <span class='ocrx_word' id='word_1_198' title='bbox 160 3256 192 3316; x_wconf 90' lang='lat' dir='ltr'><strong>in</strong></span> <span class='ocrx_word' id='word_1_199' title='bbox 213 3252 472 3315; x_wconf 84' lang='lat' dir='ltr'><strong>eonsuetudiuem</strong></span> <span class='ocrx_word' id='word_1_200' title='bbox 493 3253 728 3337; x_wconf 84' lang='lat' dir='ltr'><strong>fereloquendi</strong></span> <span class='ocrx_word' id='word_1_201' title='bbox 749 3258 867 3320; x_wconf 88' lang='lat' dir='ltr'><strong>abeunt</strong></span> <span class='ocrx_word' id='word_1_202' title='bbox 899 3260 982 3321; x_wconf 91' lang='lat' dir='ltr'><strong>nullo</strong></span> <span class='ocrx_word' id='word_1_203' title='bbox 1016 3246 1148 3320; x_wconf 86' lang='lat' dir='ltr'><strong>oonsilio</strong></span> <span class='ocrx_word' id='word_1_204' title='bbox 1170 3275 1292 3340; x_wconf 33' lang='lat' dir='ltr'><strong>,arnano</strong></span> 
     </span>
     <span class='ocr_line' id='line_1_29' title="bbox 46 3363 242 3426; baseline 0.01 -3"><span class='ocrx_word' id='word_1_205' title='bbox 46 3363 242 3426; x_wconf 81' lang='lat' dir='ltr'><strong>inhaerente.</strong></span> 
     </span>
    </p>

    <p class='ocr_par' dir='ltr' id='par_1_16' title="bbox 46 3472 1328 3882">
     <span class='ocr_line' id='line_1_30' title="bbox 128 3472 1290 3559; baseline 0.002 -27"><span class='ocrx_word' id='word_1_206' title='bbox 128 3473 202 3532; x_wconf 84' lang='lat' dir='ltr'><strong>Xll.</strong></span> <span class='ocrx_word' id='word_1_207' title='bbox 243 3472 308 3533; x_wconf 84' lang='lat' dir='ltr'><strong>Hie</strong></span> <span class='ocrx_word' id='word_1_208' title='bbox 329 3491 494 3547; x_wconf 87' lang='lat' dir='ltr'><strong>numerus,</strong></span> <span class='ocrx_word' id='word_1_209' title='bbox 517 3492 611 3554; x_wconf 88' lang='lat' dir='ltr'><strong>quum</strong></span> <span class='ocrx_word' id='word_1_210' title='bbox 629 3473 659 3535; x_wconf 88' lang='lat' dir='ltr'><strong>in</strong></span> <span class='ocrx_word' id='word_1_211' title='bbox 682 3475 841 3536; x_wconf 87' lang='lat' dir='ltr'><strong>mensibus</strong></span> <span class='ocrx_word' id='word_1_212' title='bbox 863 3476 945 3548; x_wconf 88' lang='lat' dir='ltr'><strong>anni,</strong></span> <span class='ocrx_word' id='word_1_213' title='bbox 970 3475 1122 3559; x_wconf 81' lang='lat' dir='ltr'><strong>prodigiis</strong></span> <span class='ocrx_word' id='word_1_214' title='bbox 1142 3475 1290 3550; x_wconf 84' lang='lat' dir='ltr'><strong>(Sueten.</strong></span> 
     </span>
     <span class='ocr_line' id='line_1_31' title="bbox 48 3580 1293 3665; baseline -0.001 -19"><span class='ocrx_word' id='word_1_215' title='bbox 48 3585 135 3664; x_wconf 78' lang='lat' dir='ltr'><strong>Aug.</strong></span> <span class='ocrx_word' id='word_1_216' title='bbox 155 3582 212 3644; x_wconf 75' lang='lat' dir='ltr'><strong>tlt:</strong></span> <span class='ocrx_word' id='word_1_217' title='bbox 228 3582 298 3665; x_wconf 85' lang='lat' dir='ltr'><strong>„his</strong></span> <span class='ocrx_word' id='word_1_218' title='bbox 318 3582 404 3644; x_wconf 86' lang='lat' dir='ltr'><strong>senis</strong></span> <span class='ocrx_word' id='word_1_219' title='bbox 428 3580 570 3662; x_wconf 84' lang='lat' dir='ltr'><strong>equis.“)</strong></span> <span class='ocrx_word' id='word_1_220' title='bbox 593 3584 755 3665; x_wconf 86' lang='lat' dir='ltr'><strong>variisque</strong></span> <span class='ocrx_word' id='word_1_221' title='bbox 781 3584 994 3647; x_wconf 88' lang='lat' dir='ltr'><strong>Romanorum</strong></span> <span class='ocrx_word' id='word_1_222' title='bbox 1026 3585 1176 3647; x_wconf 84' lang='lat' dir='ltr'><strong>institutis</strong></span> <span class='ocrx_word' id='word_1_223' title='bbox 1199 3584 1293 3645; x_wconf 84' lang='lat' dir='ltr'><strong>luerit</strong></span> 
     </span>
     <span class='ocr_line' id='line_1_32' title="bbox 47 3691 1285 3775; baseline 0 -21"><span class='ocrx_word' id='word_1_224' title='bbox 47 3693 218 3772; x_wconf 81' lang='lat' dir='ltr'><strong>adhibitus,</strong></span> <span class='ocrx_word' id='word_1_225' title='bbox 240 3692 339 3752; x_wconf 87' lang='lat' dir='ltr'><strong>variis</strong></span> <span class='ocrx_word' id='word_1_226' title='bbox 361 3691 534 3753; x_wconf 88' lang='lat' dir='ltr'><strong>rationibus</strong></span> <span class='ocrx_word' id='word_1_227' title='bbox 553 3711 573 3753; x_wconf 91' lang='lat' dir='ltr'><strong>a</strong></span> <span class='ocrx_word' id='word_1_228' title='bbox 594 3691 735 3774; x_wconf 81' lang='lat' dir='ltr'><strong>Vergilio</strong></span> <span class='ocrx_word' id='word_1_229' title='bbox 757 3711 880 3775; x_wconf 85' lang='lat' dir='ltr'><strong>quoque</strong></span> <span class='ocrx_word' id='word_1_230' title='bbox 903 3701 1079 3774; x_wconf 87' lang='lat' dir='ltr'><strong>usurpatur.</strong></span> <span class='ocrx_word' id='word_1_231' title='bbox 1122 3691 1175 3753; x_wconf 85' lang='lat' dir='ltr'><strong>Ad</strong></span> <span class='ocrx_word' id='word_1_232' title='bbox 1193 3711 1285 3754; x_wconf 91' lang='lat' dir='ltr'><strong>meu-</strong></span> 
     </span>
     <span class='ocr_line' id='line_1_33' title="bbox 46 3773 1328 3882; baseline -0.005 -19"><span class='ocrx_word' id='word_1_233' title='bbox 46 3820 103 3863; x_wconf 87' lang='lat' dir='ltr'><strong>ses</strong></span> <span class='ocrx_word' id='word_1_234' title='bbox 124 3800 199 3861; x_wconf 93' lang='lat' dir='ltr'><strong>auni</strong></span> <span class='ocrx_word' id='word_1_235' title='bbox 220 3799 355 3880; x_wconf 89' lang='lat' dir='ltr'><strong>pertinet</strong></span> <span class='ocrx_word' id='word_1_236' title='bbox 376 3799 486 3882; x_wconf 77' lang='lat' dir='ltr'><strong>hlelog.</strong></span> <span class='ocrx_word' id='word_1_237' title='bbox 509 3800 523 3859; x_wconf 99' lang='grc' dir='ltr'>Ι</span> <span class='ocrx_word' id='word_1_238' title='bbox 535 3842 545 3879; x_wconf 86' lang='grc'>,</span> <span class='ocrx_word' id='word_1_239' title='bbox 567 3797 627 3860; x_wconf 82' lang='grc'><strong>43;</strong></span> <span class='ocrx_word' id='word_1_240' title='bbox 1326 3773 1328 3787; x_wconf 28' lang='lat'><em>¹</em></span> 
     </span>
    </p>

    <p class='ocr_par' dir='ltr' id='par_1_17' title="bbox 128 3906 942 3985">
     <span class='ocr_line' id='line_1_34' title="bbox 128 3906 942 3985; baseline -0.002 -18"><span class='ocrx_word' id='word_1_241' title='bbox 128 3907 191 3967; x_wconf 83' lang='lat' dir='ltr'><strong>Hie</strong></span> <span class='ocrx_word' id='word_1_242' title='bbox 212 3907 302 3967; x_wconf 80' lang='lat' dir='ltr'><strong>illum</strong></span> <span class='ocrx_word' id='word_1_243' title='bbox 324 3908 562 3983; x_wconf 73' lang='lat' dir='ltr'><strong>viditatem,</strong></span> <span class='ocrx_word' id='word_1_244' title='bbox 585 3906 747 3977; x_wconf 80' lang='lat' dir='ltr'><strong>Meliboee,</strong></span> <span class='ocrx_word' id='word_1_245' title='bbox 771 3911 942 3985; x_wconf 79' lang='lat' dir='ltr'><strong>quotannis</strong></span> 
     </span>
    </p>

    <p class='ocr_par' dir='ltr' id='par_1_18' title="bbox 47 4015 1294 4532">
     <span class='ocr_line' id='line_1_35' title="bbox 129 4015 938 4092; baseline 0.001 -20"><span class='ocrx_word' id='word_1_246' title='bbox 129 4015 160 4073; x_wconf 86' lang='lat' dir='ltr'><em>B</em></span> <span class='ocrx_word' id='word_1_247' title='bbox 167 4017 202 4072; x_wconf 80' lang='lat' dir='ltr'><strong>is</strong></span> <span class='ocrx_word' id='word_1_248' title='bbox 227 4033 343 4075; x_wconf 77' lang='lat' dir='ltr'><strong>senor</strong></span> <span class='ocrx_word' id='word_1_249' title='bbox 364 4019 417 4074; x_wconf 84' lang='lat' dir='ltr'><strong>eui</strong></span> <span class='ocrx_word' id='word_1_250' title='bbox 437 4022 547 4074; x_wconf 79' lang='lat' dir='ltr'><strong>nostra</strong></span> <span class='ocrx_word' id='word_1_251' title='bbox 570 4017 638 4074; x_wconf 80' lang='lat' dir='ltr'><strong>dies</strong></span> <span class='ocrx_word' id='word_1_252' title='bbox 660 4015 778 4075; x_wconf 81' lang='lat' dir='ltr'><strong>altaria</strong></span> <span class='ocrx_word' id='word_1_253' title='bbox 797 4017 938 4092; x_wconf 78' lang='lat' dir='ltr'><strong>fumant.</strong></span> 
     </span>
     <span class='ocr_line' id='line_1_36' title="bbox 47 4119 1291 4206; baseline 0.005 -27"><span class='ocrx_word' id='word_1_254' title='bbox 47 4119 147 4182; x_wconf 81' lang='lat' dir='ltr'><strong>&#39;l&#39;este</strong></span> <span class='ocrx_word' id='word_1_255' title='bbox 168 4121 330 4182; x_wconf 86' lang='lat' dir='ltr'><strong>Maerohio</strong></span> <span class='ocrx_word' id='word_1_256' title='bbox 354 4124 388 4203; x_wconf 81' lang='lat' dir='ltr'><strong>l,</strong></span> <span class='ocrx_word' id='word_1_257' title='bbox 409 4123 455 4185; x_wconf 77' lang='lat'><strong>92.</strong></span> <span class='ocrx_word' id='word_1_258' title='bbox 473 4123 597 4184; x_wconf 70' lang='lat' dir='ltr'><strong>»Varro</strong></span> <span class='ocrx_word' id='word_1_259' title='bbox 620 4123 698 4183; x_wconf 90' lang='lat' dir='ltr'><strong>libro</strong></span> <span class='ocrx_word' id='word_1_260' title='bbox 719 4125 827 4204; x_wconf 87' lang='lat' dir='ltr'><strong>quinto</strong></span> <span class='ocrx_word' id='word_1_261' title='bbox 850 4126 909 4200; x_wconf 84' lang='lat' dir='ltr'><strong>(fr.</strong></span> <span class='ocrx_word' id='word_1_262' title='bbox 931 4147 961 4206; x_wconf 85' lang='lat' dir='ltr'><strong>p.</strong></span> <span class='ocrx_word' id='word_1_263' title='bbox 984 4125 1082 4206; x_wconf 77' lang='lat'><strong>206.)</strong></span> <span class='ocrx_word' id='word_1_264' title='bbox 1105 4143 1208 4190; x_wconf 89' lang='lat' dir='ltr'><strong>rerum</strong></span> <span class='ocrx_word' id='word_1_265' title='bbox 1230 4126 1291 4186; x_wconf 90' lang='lat' dir='ltr'><strong>hu-</strong></span> 
     </span>
     <span class='ocr_line' id='line_1_37' title="bbox 48 4232 1294 4317; baseline -0.001 -21"><span class='ocrx_word' id='word_1_266' title='bbox 48 4253 211 4296; x_wconf 88' lang='lat' dir='ltr'><strong>manarum</strong></span> <span class='ocrx_word' id='word_1_267' title='bbox 222 4235 340 4317; x_wconf 83' lang='lat' dir='ltr'><strong>scribit,</strong></span> <span class='ocrx_word' id='word_1_268' title='bbox 364 4236 440 4296; x_wconf 90' lang='lat' dir='ltr'><strong>lano</strong></span> <span class='ocrx_word' id='word_1_269' title='bbox 462 4232 626 4295; x_wconf 80' lang='lat' dir='ltr'><strong>duodecim</strong></span> <span class='ocrx_word' id='word_1_270' title='bbox 649 4251 723 4295; x_wconf 87' lang='lat' dir='ltr'><strong>aras</strong></span> <span class='ocrx_word' id='word_1_271' title='bbox 745 4252 801 4313; x_wconf 92' lang='lat' dir='ltr'><strong>pro</strong></span> <span class='ocrx_word' id='word_1_272' title='bbox 823 4232 955 4296; x_wconf 88' lang='lat' dir='ltr'><strong>totidem</strong></span> <span class='ocrx_word' id='word_1_273' title='bbox 977 4235 1139 4297; x_wconf 88' lang='lat' dir='ltr'><strong>mensibus</strong></span> <span class='ocrx_word' id='word_1_274' title='bbox 1162 4233 1294 4298; x_wconf 79' lang='lat' dir='ltr'><strong>dedica-</strong></span> 
     </span>
     <span class='ocr_line' id='line_1_38' title="bbox 47 4340 1293 4430; baseline -0.001 -27"><span class='ocrx_word' id='word_1_275' title='bbox 47 4352 127 4406; x_wconf 74' lang='lat' dir='ltr'><strong>tas«</strong></span> <span class='ocrx_word' id='word_1_276' title='bbox 170 4343 334 4404; x_wconf 84' lang='lat' dir='ltr'><strong>Pertinent</strong></span> <span class='ocrx_word' id='word_1_277' title='bbox 355 4341 467 4404; x_wconf 88' lang='lat' dir='ltr'><strong>deinde</strong></span> <span class='ocrx_word' id='word_1_278' title='bbox 489 4340 530 4403; x_wconf 82' lang='lat' dir='ltr'><strong>ad</strong></span> <span class='ocrx_word' id='word_1_279' title='bbox 550 4341 703 4424; x_wconf 83' lang='lat' dir='ltr'><strong>originem</strong></span> <span class='ocrx_word' id='word_1_280' title='bbox 725 4359 745 4404; x_wconf 83' lang='lat' dir='ltr'><strong>a</strong></span> <span class='ocrx_word' id='word_1_281' title='bbox 767 4342 844 4405; x_wconf 89' lang='lat' dir='ltr'><strong>Sole</strong></span> <span class='ocrx_word' id='word_1_282' title='bbox 865 4360 928 4404; x_wconf 82' lang='lat' dir='ltr'><strong>avo</strong></span> <span class='ocrx_word' id='word_1_283' title='bbox 938 4387 950 4426; x_wconf 88' lang='lat'><em>,</em></span> <span class='ocrx_word' id='word_1_284' title='bbox 974 4341 1060 4424; x_wconf 88' lang='lat' dir='ltr'><strong>quod</strong></span> <span class='ocrx_word' id='word_1_285' title='bbox 1081 4343 1187 4430; x_wconf 74' lang='lat' dir='ltr'><strong>halim</strong></span> <span class='ocrx_word' id='word_1_286' title='bbox 1207 4351 1293 4404; x_wconf 88' lang='lat' dir='ltr'><strong>tem-</strong></span> 
     </span>
     <span class='ocr_line' id='line_1_39' title="bbox 48 4448 791 4532; baseline -0.003 -18"><span class='ocrx_word' id='word_1_287' title='bbox 48 4471 126 4532; x_wconf 85' lang='lat' dir='ltr'><strong>pora</strong></span> <span class='ocrx_word' id='word_1_288' title='bbox 146 4452 231 4526; x_wconf 86' lang='grc' dir='ltr'>ΧΙΙ,</span> <span class='ocrx_word' id='word_1_289' title='bbox 257 4448 330 4513; x_wconf 75' lang='lat'>163:</span> <span class='ocrx_word' id='word_1_290' title='bbox 785 4515 791 4530; x_wconf 58' lang='grc'>,</span> 
     </span>
    </p>

    <p class='ocr_par' dir='ltr' id='par_1_19' title="bbox 128 4559 872 4638">
     <span class='ocr_line' id='line_1_40' title="bbox 128 4559 872 4638; baseline -0.008 -16"><span class='ocrx_word' id='word_1_291' title='bbox 128 4561 249 4623; x_wconf 73' lang='lat' dir='ltr'><strong>Aaron</strong></span> <span class='ocrx_word' id='word_1_292' title='bbox 267 4561 329 4620; x_wconf 77' lang='lat' dir='ltr'><strong>his</strong></span> <span class='ocrx_word' id='word_1_293' title='bbox 351 4578 424 4620; x_wconf 76' lang='lat' dir='ltr'><strong>aee</strong></span> <span class='ocrx_word' id='word_1_294' title='bbox 447 4561 531 4619; x_wconf 77' lang='lat' dir='ltr'><strong>rodii</strong></span> <span class='ocrx_word' id='word_1_295' title='bbox 546 4559 708 4638; x_wconf 69' lang='lat' dir='ltr'><strong>salpeatiu</strong></span> <span class='ocrx_word' id='word_1_296' title='bbox 729 4562 872 4634; x_wconf 67' lang='lat' dir='ltr'><strong>tineent.</strong></span> 
     </span>
    </p>
   </div>
   <div class='ocr_carea' id='block_1_10' title="bbox 47 4681 1296 4875">
    <p class='ocr_par' dir='ltr' id='par_1_20' title="bbox 47 4681 1296 4875">
     <span class='ocr_line' id='line_1_41' title="bbox 47 4681 1295 4773; baseline -0.006 -22"><span class='ocrx_word' id='word_1_297' title='bbox 47 4689 220 4753; x_wconf 77' lang='lat' dir='ltr'><strong>adhomuli</strong></span> <span class='ocrx_word' id='word_1_298' title='bbox 231 4690 397 4773; x_wconf 85' lang='lat' dir='ltr'><strong>augurium</strong></span> <span class='ocrx_word' id='word_1_299' title='bbox 410 4686 577 4750; x_wconf 83' lang='lat' dir='ltr'><strong>duodeoim</strong></span> <span class='ocrx_word' id='word_1_300' title='bbox 590 4685 683 4767; x_wconf 86' lang='lat' dir='ltr'><strong>eyoni</strong></span> <span class='ocrx_word' id='word_1_301' title='bbox 704 4687 730 4762; x_wconf 88' lang='lat' dir='ltr'><strong>l,</strong></span> <span class='ocrx_word' id='word_1_302' title='bbox 746 4683 829 4758; x_wconf 55' lang='lat'><strong>393„</strong></span> <span class='ocrx_word' id='word_1_303' title='bbox 843 4682 883 4746; x_wconf 89' lang='lat' dir='ltr'><strong>ad</strong></span> <span class='ocrx_word' id='word_1_304' title='bbox 897 4685 1022 4765; x_wconf 82' lang='lat' dir='ltr'><strong>publiea</strong></span> <span class='ocrx_word' id='word_1_305' title='bbox 1038 4687 1192 4759; x_wconf 87' lang='lat' dir='ltr'><strong>instituta,</strong></span> <span class='ocrx_word' id='word_1_306' title='bbox 1211 4681 1295 4764; x_wconf 88' lang='lat' dir='ltr'><strong>quod</strong></span> 
     </span>
     <span class='ocr_line' id='line_1_42' title="bbox 50 4790 1296 4875; baseline -0.002 -16"><span class='ocrx_word' id='word_1_307' title='bbox 50 4799 107 4875; x_wconf 82' lang='lat' dir='ltr'><strong>xl,</strong></span> <span class='ocrx_word' id='word_1_308' title='bbox 126 4795 201 4859; x_wconf 79' lang='lat'><strong>133:</strong></span> <span class='ocrx_word' id='word_1_309' title='bbox 223 4797 285 4856; x_wconf 77' lang='lat' dir='ltr'><strong>bie</strong></span> <span class='ocrx_word' id='word_1_310' title='bbox 305 4814 425 4856; x_wconf 79' lang='lat' dir='ltr'><strong>senor</strong></span> <span class='ocrx_word' id='word_1_311' title='bbox 445 4800 594 4873; x_wconf 77' lang='lat' dir='ltr'><strong>pepiqere</strong></span> <span class='ocrx_word' id='word_1_312' title='bbox 613 4795 680 4854; x_wconf 81' lang='lat' dir='ltr'><strong>dies</strong></span> <span class='ocrx_word' id='word_1_313' title='bbox 697 4790 883 4854; x_wconf 82' lang='lat' dir='ltr'><strong>indutiarum</strong></span> <span class='ocrx_word' id='word_1_314' title='bbox 904 4809 1016 4871; x_wconf 84' lang='lat' dir='ltr'><strong>causa,</strong></span> <span class='ocrx_word' id='word_1_315' title='bbox 1040 4791 1078 4854; x_wconf 86' lang='lat' dir='ltr'><strong>ad</strong></span> <span class='ocrx_word' id='word_1_316' title='bbox 1092 4793 1296 4873; x_wconf 78' lang='lat' dir='ltr'><strong>aliareliqua</strong></span> 
     </span>
    </p>
   </div>
   <div class='ocr_carea' id='block_1_11' title="bbox 0 0 1522 5184">
    <p class='ocr_par' dir='ltr' id='par_1_21' title="bbox 0 0 1522 5184">
     <span class='ocr_line' id='line_1_43' title="bbox 0 0 1522 5184; baseline 0 0"><span class='ocrx_word' id='word_1_317' title='bbox 0 0 1522 5184; x_wconf 95' lang='lat' dir='ltr'><strong> </strong></span> 
     </span>
    </p>
   </div>
  </div>
 </body>
</html>
