3000 5184
201 261 243 323 84
515 260 572 322 lle
595 259 708 322 urbis
730 257 965 340 condendae
986 206 1106 322 more.

283 443 353 504 Atat
371 443 641 519 Apamam
661 449 826 504 scaettis
846 446 986 519 spitum
1008 441 1139 505 Orestes

286 551 452 612 Amnes
469 532 597 631 [otim
617 538 750 612 mettere
769 559 802 614 et
820 551 1019 628 serpentibus
1043 555 1124 612 onis

287 659 392 735 θιιιιηι
408 661 498 738 (cpit
515 659 709 739 sumereque
727 662 839 721 redeat
858 662 894 719 itt
913 659 1023 719 mne
1041 661 1152 722 Dirae.

205 791 272 852 lam
296 789 431 852 Servius
453 787 606 869 explicat:
646 793 801 872 „scaenis
820 793 960 867 epitotm
980 787 1144 868 famosus,
1173 787 1354 851 celebratos
1376 793 1444 847 tta·

69 949 71 958 .
205 895 340 980 goelis,
362 904 396 960 et
415 901 555 976 epitatus
582 924 670 943 *0-
693 897 784 981 quasi
803 897 986 980 frequenter
1005 893 1137 958 actus.“
1159 895 1203 959 ita
1224 903 1258 956 ut
1279 897 1443 955 scoentr
1493 896 1494 969 j

205 1007 341 1087 positum
361 1005 403 1068 sit
423 1021 495 1090 pro:
516 1006 546 1066 in
569 1021 704 1087 scaena,
727 1005 754 1068 si
778 1023 798 1066 e
818 1007 919 1067 nostrl
941 1001 1057 1066 theatri
1078 1020 1137 1064 uso
1160 1002 1308 1084 loquaris.
1341 1001 1443 1062 lmmo
1493 992 1494 995 ’

206 1111 289 1173 lraec
318 1112 487 1194 explicatio
513 1101 641 1176 omniuo
666 1111 782 1176 firmari
811 1111 941 1175 videtur
960 1119 1112 1199 perpetuo
1135 1107 1265 1193 Vergilii
1288 1106 1446 1172 imitatore

205 1217 349 1281 Ausonio
369 1221 467 1303 epigr.
486 1219 544 1282 tt:

290 1325 420 1388 Praeter
441 1324 576 1410 legitimi
593 1327 744 1410 genitalia
763 1324 894 1390 loedere
919 1335 1033 1390 coetus

288 1433 441 1517 Repperit
464 1435 620 1497 obscenas
643 1435 788 1498 Veneres
802 1437 919 1498 vitiosa
938 1433 1046 1515 libido,

289 1541 440 1604 Herculis
461 1541 571 1604 heredi
592 1559 686 1624 qoam
709 1541 842 1604 Lemnia
862 1544 965 1604 suasit
984 1547 1133 1623 egestae,

290 1651 491 1735 Quam-toga
511 1653 637 1716 facundi
657 1654 820 1716 scaenis
851 1650 1033 1736 agitavit
1057 1647 1178 1710 Afrani.

208 1759 312 1823 Vides
339 1770 532 1842 postremum
554 1783 683 1826 versum
705 1783 725 1825 e
745 1761 866 1826 laciniis
887 1758 1070 1824 Horatianis
1091 1756 1351 1842 Vergilianisque
1372 1774 1447 1817 esse

210 1868 469 1952 conglutinatum.
518 1869 637 1933 Verum
665 1872 746 1933 enim
782 1889 861 1933 vero
893 1879 927 1932 et
960 1886 1018 1931 nos
1045 1861 1201 1930 interdum
1231 1860 1389 1946 quaedam
1418 1864 1446 1922 in

211 1974 349 2054 antiquit
370 1975 489 2036 rectius
510 1975 727 2059 intelligimus,
747 1995 841 2059 qnam
862 1977 922 2058 ipsi
936 1977 1133 2057 antiquomm
1147 1971 1329 2054 populares,
1352 1985 1451 2048 prae·
1494 1958 1495 2027 i

211 2083 323 2144 sertim
344 2083 370 2144 si
391 2083 482 2162 plora
504 2087 586 2145 inter
607 2103 663 2146 eos
684 2087 795 2148 secula
817 2087 1070 2148 intercesserunt
1111 2082 1177 2144 lam
1198 2080 1271 2143 olim
1292 2079 1325 2139 in
1346 2075 1451 2138 libello

213 2187 253 2250 de
275 2209 395 2252 morum
414 2191 446 2253 in
468 2191 603 2273 Vergilii
625 2193 772 2255 Aeneide
791 2193 908 2256 habito.
951 2193 1081 2253 lionnae
1102 2185 1191 2252 1836.
1212 2205 1242 2268 p.
1263 2185 1317 2246 tte.
1336 2183 1451 2245 conie-

213 2314 336 2370 cerant,
366 2297 435 2360 lieri
471 2299 609 2362 fortasse
638 2317 753 2379 posse,
786 2309 820 2362 nt
848 2318 988 2364 maenae
1015 2298 1046 2362 h.
1068 2299 1086 2363 i.
1109 2317 1171 2359 non
1193 2293 1308 2356 theatri
1329 2299 1451 2373 partem

213 2404 409 2487 significent,
443 2406 501 2469 sed
535 2407 685 2470 visiones.
737 2409 813 2495 Nou
846 2407 927 2469 enim
958 2413 1100 2487 peterem
1136 2402 1210 2463 milri
1247 2394 1452 2480 pertuderit,

213 2520 339 2591 poetam
370 2516 402 2576 io
430 2518 662 2596 comparatione
693 2515 733 2578 de
764 2517 886 2579 insania
912 2512 1044 2578 Didonis
1073 2530 1144 2575 cum
1165 2511 1299 2572 aliorum
1320 2504 1451 2566 heroon
1494 2490 1495 2495 ¹

213 2619 319 2682 lurore
340 2622 484 2684 instituta
504 2639 566 2685 non
587 2622 647 2686 hos
669 2625 760 2704 ipsos
779 2621 896 2686 heroes
903 2666 914 2705 ,
937 2621 999 2684 aad
1018 2618 1059 2682 de
1079 2633 1197 2681 semna
1219 2613 1311 2697 qutei
1330 2628 1352 2673 θ
1372 2629 1452 2692 ⁵1³0*

101 2709 107 2724 '
214 2731 287 2791 culo
317 2728 515 2812 desumptam
548 2733 717 2816 imaginem
745 2736 780 2793 in
808 2732 920 2813 poesin
947 2745 1039 2791 suam
1059 2726 1251 2788 incusatae.
1293 2719 1451 2800 Quemvis

214 2836 297 2900 enim
317 2837 471 2902 fateamur
493 2850 652 2922 oporteat,
674 2841 801 2906 Orestis
817 2839 911 2902 aaodo
925 2836 1114 2900 dementiam
1127 2833 1234 2896 multis
1247 2828 1365 2893 fabalia
1377 2845 1454 2890 essa

214 2951 394 3025 tractatam,
413 2955 511 3028 atque
533 2956 566 3010 ut
586 2947 680 3012 hodie
701 2949 863 3028 personati
883 2954 1014 3010 actores
1031 2944 1184 3006 intactus
1204 2939 1238 3000 in
1251 2935 1382 2999 tatione
1402 2932 1453 2994 vel

214 3051 356 3129 corporis
377 3052 514 3132 quodam
535 3060 622 3114 motu
643 3051 739 3114 defixi
760 3050 847 3134 pingi
866 3052 984 3129 solent,
1004 3054 1051 3112 ita
1070 3056 1102 3110 et
1123 3055 1190 3108 ton
1208 3041 1276 3106 fleri
1294 3039 1455 3122 potuisse,

215 3165 266 3228 ut,
289 3157 439 3238 Aesopus
473 3157 529 3220 vel
561 3157 689 3239 quilibet
717 3159 800 3220 alius
827 3157 937 3220 histrio
964 3155 1113 3220 Orestem
1143 3150 1281 3216 vesanit.
1305 3147 1454 3210 adnotat!

216 3283 333 3347 magno
354 3265 461 3343 populi
482 3267 593 3346 plausu
614 3273 688 3327 ante
712 3264 821 3326 oculos
844 3273 1044 3344 mentemque
1070 3257 1284 3344 proposuerit:
1315 3243 1454 3321 atamen

216 3368 245 3429 si
267 3372 330 3431 tale
351 3373 426 3456 quid
445 3394 468 3438 a
488 3375 631 3460 Vergilio
653 3377 705 3440 laio
727 3383 909 3458 spectatam
930 3369 1122 3436 eredendum
1140 3368 1195 3438 sit.
1215 3362 1324 3425 nescio
1337 3359 1414 3444 quid
1435 3376 1454 3420 a

218 3483 314 3547 llusa
336 3484 469 3546 alienum
494 3503 533 3546 ac
553 3469 715 3548 doctrinae
735 3487 853 3548 nimiae
872 3468 1100 3547 documentum
1118 3478 1150 3542 ei
1169 3473 1320 3540 intruden-
1340 3473 1454 3536 Sermo

218 3594 300 3652 enim
323 3601 373 3652 est
395 3589 434 3652 de
453 3590 581 3654 timone
603 3603 709 3656 mente
728 3602 823 3675 capta
843 3595 988 3674 visisque
1010 3590 1111 3652 variis
1129 3589 1269 3652 anxiata·
1311 3578 1456 3660 Compa-

217 3716 307 3759 rarur
327 3697 425 3777 primo
447 3716 516 3760 cum
539 3697 697 3774 Pentheo,
725 3702 778 3781 qui
807 3697 971 3760 demens
998 3696 1166 3771 Furiarum
1185 3693 1332 3778 agmina,
1355 3689 1455 3778 solem

218 3807 380 3887 geminum
396 3807 604 3890 duplicesque
627 3811 757 3874 'l'hebas
777 3808 874 3892 vidit,
895 3828 963 3872 cum
986 3805 1124 3884 Oreste,
1142 3806 1196 3887 qui
1218 3812 1351 3867 matrem
1371 3799 1456 3862 faci·

220 3907 279 3971 bus
310 3917 576 3998 serpentibusque
603 3925 755 3978 armatam
785 3923 818 3978 et
845 3916 941 3977 Diras
961 3918 993 3976 in
1014 3912 1121 3975 limine
1140 3909 1291 3974 sedentes
1312 3907 1456 3990 effugere

220 4015 298 4080 volt.
322 4017 495 4081 Vocibus·
505 4021 613 4103 itaque
633 4027 761 4082 scaenas
781 4000 921 4098 epitatus
940 4017 1112 4105 respondet
1130 4019 1279 4102 inpriore
1300 4013 1375 4077 illud
1397 4016 1457 4075 de-

220 4144 317 4185 meres.
368 4127 485 4210 Neque
514 4130 587 4192 sola
618 4133 846 4194 sententiarum
879 4127 1087 4209 compositio,
1109 4124 1168 4187 sed
1200 4125 1330 4207 linguae
1358 4122 1456 4205 ipsius

219 4227 340 4292 indoles
367 4231 449 4297 liano
477 4238 736 4318 explicationem,
768 4237 801 4298 oi
825 4237 935 4317 lallor,
967 4235 1099 4318 flagitat
1142 4237 1193 4298 lle
1220 4234 1345 4296 theatro
1375 4231 1455 4294 enim

221 4340 324 4422 potius
353 4343 556 4405 actitatus
585 4363 679 4426 qoam
709 4345 894 4426 agitatus
927 4348 995 4403 erat
1015 4339 1191 4405 dicendum.
1233 4338 1358 4404 Deinde
1379 4357 1456 4401 vero

221 4449 334 4532 agitari
362 4457 427 4510 tam
455 4454 580 4531 proprie
601 4451 639 4514 de
661 4450 810 4512 furiarum
833 4451 887 4511 vel
907 4449 1067 4512 numum
1090 4450 1311 4531 persecutione
1333 4446 1454 4526 dieitur,

220 4571 254 4623 ut
272 4560 326 4624 hic
348 4577 427 4621 osus
450 4579 599 4644 megnom
620 4579 698 4624 sane
720 4568 910 4622 momentum
931 4558 1037 4625 addat.
1077 4558 1271 4624 conteratur
1292 4567 1369 4622 anta
1388 4575 1455 4620 om·

221 4669 272 4731 nia
293 4666 376 4750 apud
397 4670 497 4747 ipsum
521 4666 699 4748 Vergilium
720 4667 801 4728 Aen.
821 4667 884 4748 111,
905 4663 984 4729 tete

308 4774 474 4838 Scelerum
491 4775 590 4856 sertis
611 4779 796 4852 aestates
822 4771 952 4838 Orestes
958 4816 970 4855 ,
