3000 5184
270 211 328 274 De
349 210 535 293 templis,
566 209 709 292 silvis,
739 197 1126 274 arboribnssaor‘is.
1255 213 1316 278 uu

154 391 202 457 Hi
227 411 305 456 voro
324 393 367 457 dii
388 413 486 477 quum
503 395 614 476 partim
629 398 694 456 sint
714 393 878 469 notissimi,
898 393 1012 474 partim
1033 395 1137 476 imago
1156 395 1314 476 quaedam

58 510 93 563 ot
117 507 226 584 quasi
246 505 449 568 simulacrum
470 525 531 566 nou
552 505 654 585 possit
675 501 844 580 udmari,
876 503 979 564 satius
1004 502 1078 580 erit,
1110 513 1314 568 obstantum

57 613 172 693 tangi,
198 621 246 681 nt,
268 631 352 693 quae
373 613 555 694 ampliorem
576 611 714 674 tmolum
728 609 882 673 Romanis
903 609 1144 692 antiquitatibus
1159 613 1313 693 pulliuen·

54 727 121 791 tur,
149 727 339 786 tractemus.
919 740 926 746 ’

637 953 671 1042 ς.
694 957 743 1027 te.

294 1115 354 1170 lle
370 1113 549 1184 templis,
567 1114 695 1182 siluis,
712 1089 934 1172 arboribus
950 1115 1093 1172 neris.

153 1281 245 1343 lanea
267 1301 360 1344 saure
383 1283 479 1344 muria
499 1291 613 1364 saepta
634 1281 810 1366 evergilin
830 1286 883 1346 vel
906 1285 1054 1366 templa
1075 1285 1127 1347 vel
1149 1284 1312 1350 delubra

58 1391 352 1470 promiscue'puto
375 1408 449 1451 esse
470 1392 640 1473 nominate,
662 1411 767 1473 neque
788 1392 1028 1458 adsentiendum
1050 1385 1125 1456 esse
1147 1396 1311 1458 Meerobio

59 1501 128 1582 111,
154 1499 197 1577 4.,
221 1500 276 1580 qui
291 1499 387 1558 nimio
409 1497 515 1559 studio
538 1500 572 1559 in
582 1500 759 1578 posteriore
771 1520 853 1562 voce
876 1501 1054 1564 adhibenda
1077 1521 1194 1565 areana
1210 1521 1311 1583 quae·
1373 1564 1380 1582 ‚

60 1609 144 1670 dam
178 1626 255 1671 esse
282 1605 487 1689 intelligendu
511 1607 682 1672 contendit.
739 1589 847 1686 Quum
869 1612 951 1672 enim
968 1611 1074 1673 Varro
1094 1612 1184 1673 Vlll.
1208 1628 1312 1672 rerum

64 1715 253 1780 divinarum
275 1717 420 1796 dixisset,
443 1718 603 1781 delubrum
626 1721 707 1782 alios
731 1722 923 1799 existimare,
938 1724 968 1784 in
983 1743 1045 1804 qno
1060 1733 1186 1805 praeter
1198 1723 1311 1786 aedem

61 1833 109 1890 sit
127 1848 207 1891 area
228 1828 374 1892 adsumta
397 1829 489 1892 deum
512 1848 621 1913 eausa,
643 1831 736 1910 alios,
759 1833 790 1892 in
803 1819 947 1911 quolueo
969 1831 1019 1894 dei
1040 1821 1312 1897 simuluerdmde-

60 1937 211 2001 dicatum
234 1945 287 2024 sit,
308 1943 452 2024 argutius
476 1941 607 2005 effluere·
627 1944 706 2026 vult,
729 1941 908 2024 Vergilium
929 1943 1027 2004 variis
1048 1943 1125 2005 loeis
1146 1951 1312 2021 utramque

60 2050 226 2112 rationem
249 2063 455 2133 exsequutum
478 2071 562 2113 esse.
584 2051 784 2114 illudentem
802 2047 933 2111 concedi
950 2051 1076 2130 poterit,
1091 2058 1199 2130 partes
1212 2065 1312 2131 quas-

62 2157 142 2219 dam
166 2160 355 2239 templorum
377 2160 429 2220 bie
449 2159 515 2221 illie
535 2179 555 2221 a
577 2159 711 2220 Marone
733 2158 826 2239 quusi
847 2157 1029 2219 intransitu
1052 2160 1167 2219 leviter
1188 2157 1311 2236 attingi.

62 2245 454 2348 Interiorueuimadyta
472 2265 524 2326 vel
547 2264 667 2346 adyta
690 2264 1078 2344 penetraliunominat
1089 2269 1136 2336 (v.
1145 2283 1177 2346 g.
1189 2259 1309 2345 ΙΙ,297.
1371 2251 1375 2255 ’

61 2371 140 2434 351.
162 2374 236 2436 404.
257 2359 358 2456 7642),
378 2375 547 2455 praecipue
567 2391 646 2435 veru
668 2375 749 2456 loca,
773 2375 887 2456 quibus
909 2376 1038 2437 oracula
1067 2373 1254 2453 edebantur,
1276 2391 1308 2432 v.

63 2485 265 2564 g.11,114:
762 2495 767 2502 ¹

154 2591 316 2670 Suspensi
333 2590 536 2672 Eurypylum
559 2595 726 2652 scitantem
747 2592 879 2652 oracula
898 2591 1021 2653 Pboebi

153 2699 322 2774 Mittimus,
347 2705 437 2780 teque
457 2701 599 2778 adytis
621 2700 700 2759 baec
724 2703 828 2759 tristia
850 2700 936 2759 dictu
956 2704 1105 2777 reportat.

64 2808 96 2868 in
123 2808 204 2869 Delu
226 2807 328 2870 insula
348 2809 406 2888 ΙΙΙ,
427 2808 484 2873 922

322 2913 455 2994 Muyr're
478 2914 616 2996 adytis
638 2921 760 2976 cortino
781 2916 926 2977 reclusis.

67 3023 328 3106 CunitV1,98:

158 3133 285 3193 Talibus
305 3152 349 3192 ee·
370 3134 485 3212 odylo
507 3134 600 3194 dictis
622 3133 760 3213 Cymaea
782 3131 917 3212 Sibylla.

64 3219 216 3306 nannum
239 3243 316 3314 vu,
336 3243 420 3305 men

151 3353 228 3414 Nou
246 3357 349 3429 patrio
371 3369 415 3410 ee·
435 3351 552 3430 adyto
573 3358 684 3424 sortes,
711 3371 776 3412 riou
793 3334 945 3430 plutum
966 3353 1050 3417 coelo

152 3459 303 3522 Monstra
318 3467 444 3524 'uiuunt
482 3465 485 3472 ’

66 3571 144 3632 Hue
165 3571 290 3647 asylum
311 3588 435 3651 quoque
458 3571 593 3633 quenis
617 3570 658 3648 ΙΙ,
679 3570 748 3632 761.
774 3569 918 3650 pertinet.
939 3567 1023 3629 Dido
1045 3565 1165 3629 residet
1179 3567 1205 3648 Ι,
1228 3561 1306 3626 505:

158 3680 235 3740 hm
252 3680 377 3760 [eribus
398 3681 488 3739 dinae
508 3680 610 3738 merliu
630 3679 788 3739 testudine
810 3678 926 3754 templi.

70 3789 122 3852 nbi
147 3787 297 3850 Servius:
314 3785 477 3863 ,Camere
498 3791 641 3860 incurva,
664 3806 747 3868 quae
762 3763 935 3874 ¹seeundum
957 3801 1027 3864 eus,
1044 3782 1096 3864 qui
1114 3781 1310 3862 seripserunt

69 3894 110 3956 de
133 3895 255 3958 ratione
284 3897 489 3978 templorum,
516 3895 587 3957 ideo
615 3897 664 3956 sie
694 3895 739 3970 ur,
764 3904 800 3955 ut
830 3893 999 3956 simulacro
1027 3890 1107 3953 caeli
1139 3890 1308 3970 imaginem

68 4003 191 4084 reddat,
208 4003 290 4086 quod
312 4012 438 4065 constat
452 4021 528 4064 esse
544 4000 759 4065 convexum.“
781 4003 946 4065 Rationem
964 4001 1058 4061 etiam
1071 4016 1200 4058 suorum
1222 4007 1307 4059 tem-

68 4129 178 4192 porum
201 4111 252 4171 vei
274 4111 394 4172 illorum
423 4108 535 4171 saltem
561 4109 764 4189 templorum,
798 4125 879 4189 quae
899 4107 931 4167 in
951 4105 1114 4167 itineribus
1136 4106 1205 4167 suis
1226 4123 1308 4167 eon-

70 4229 231 4300 spexerat,
254 4219 397 4281 servavit
417 4219 449 4279 in
478 4218 559 4279 omni
588 4236 698 4280 eorum
730 4219 958 4292 architectura,
974 4218 1079 4303 ‘plane
1110 4223 1145 4277 ut
1170 4214 1309 4295 pietores

69 4326 162 4388 medii
182 4327 266 4410 aevi,
289 4329 342 4410 qui
366 4327 492 4389 tubulas
513 4328 665 4389 historiae
686 4345 800 4389 saurae
827 4326 1027 4388 elaborantes
1058 4325 1214 4386 ecclesius
1235 4321 1307 4384 stilo

71 4435 243 4497 'teutonico
265 4437 319 4498 vel
340 4435 529 4514 Romanius,
551 4454 644 4517 quem
673 4441 801 4507 vocant,
836 4431 1021 4496 aedificatas
1051 4433 1084 4492 in
1113 4431 1308 4511 Hierosoly·

71 4562 150 4604 mam
171 4540 374 4623 transferunt.
397 4543 528 4604 Structu
550 4543 602 4603 vel
624 4538 834 4604 construenda
855 4537 1003 4600 dicuutur
1020 4539 1136 4620 templa
1156 4557 1307 4599 sunone·

71 4657 152 4712 tereto
175 4651 233 4731 ΙΙΙ,
255 4651 317 4731 ut,
340 4651 378 4710 de
398 4671 554 4713 marmore
569 4650 689 4734 Georg.
712 4651 771 4730 ΙΙΙ,
789 4649 836 4716 13.
860 4649 941 4711 Aen.
966 4648 1119 4730 rumen,
1145 4645 1246 4707 solido
1267 4644 1308 4703 rte

72 4777 226 4822 marmore
241 4759 310 4842 ¹Vl,
331 4760 391 4837 69,
412 4767 535 4822 eentum
555 4763 688 4824 sublime
708 4763 863 4824 columnia
896 4761 971 4842 vll,
994 4759 1076 4843 170,
1097 4761 1132 4818 iu
1152 4775 1228 4817 erce
1248 4754 1306 4834 ΙΙΙ,
