3000 5184
546 1491 580 1586 t.
602 1501 652 1564 u.

85 1653 293 1723 ver-sulus
311 1653 411 1723 quud
428 1655 479 1709 de
496 1655 585 1723 deo,
602 1655 769 1730 mundo,
788 1653 878 1710 tato
896 1652 1085 1710 senserit.

54 1826 187 1888 Poctam
211 1843 271 1886 uon
295 1825 338 1886 illi
364 1825 575 1905 superstitioni
603 1823 814 1901 adhaesisse,
836 1842 898 1907 qna
920 1822 1010 1904 plebs
1030 1823 1213 1887 innumeros

0 1954 54 1996 os
75 1953 130 2016 per
155 1952 277 1996 omnem
298 1943 440 1995 naturam
464 1931 599 1996 diffusos
620 1938 863 2015 innumerasque
883 1932 924 1993 de
947 1931 1007 1993 diis
1031 1931 1215 2013 deabusque

3 2044 96 2104 bulas
118 2043 375 2124 amplectebatur,
397 2045 453 2104 vix
475 2037 526 2105 est
549 2042 630 2124 quod
654 2043 926 2121 demonstremus,
959 2058 1055 2121 qnnm
1077 2041 1217 2122 Augusti

4 2152 43 2213 lis
66 2153 161 2213 fuerit
179 2162 281 2232 aetas,
303 2171 364 2233 qna
385 2151 583 2232 philosophia
597 2148 739 2232 Graeca,
762 2149 920 2228 Epicurea
937 2150 1122 2228 praesertim
1135 2149 1216 2213 duce

23 2263 124 2322 cretio
135 2307 147 2345 ,
171 2263 344 2345 Stoicaqne
365 2263 507 2344 pluribus
531 2263 715 2324 auctoribus
738 2261 864 2323 liberius
880 2260 919 2320 de
937 2259 1080 2320 omuibus
1090 2259 1217 2342 Olympi

14 2370 151 2431 minibus
179 2372 321 2455 cogitare
354 2369 539 2432 eruditiores
563 2369 738 2450 docuisset,
763 2387 857 2449 quam
879 2366 917 2428 de
940 2364 1035 2427 medii
1057 2369 1131 2428 aevi
1152 2370 1214 2430 rni-

5 2479 87 2539 cnlis
115 2481 278 2561 sacrisque
309 2479 549 2572 narratiunculis
572 2480 747 2559 politiores,
762 2477 976 2557 proterviores
997 2474 1038 2536 de
1059 2477 1225 2560 religione·

23 2588 154 2649 ristiana
175 2587 268 2648 hodie
288 2587 428 2649 indicare
448 2587 559 2648 solent.
594 2585 661 2646 Sed
685 2585 756 2645 talis
768 2592 860 2644 enata
878 2579 1115 2645 eratbonsrnum
1131 2601 1213 2646 con-

8 2694 105 2756 etndo
126 2713 227 2777 seque
248 2694 377 2777 gerendi
400 2697 492 2776 ratio,
515 2703 549 2755 nt
566 2711 662 2754 secra
685 2691 810 2772 quidem
832 2691 957 2772 publica
979 2711 1042 2752 non
1063 2689 1212 2775 neglige-

5 2813 59 2882 nt,
83 2805 199 2883 quippe
229 2803 341 2884 quibus
368 2822 459 2863 omne
496 2800 648 2862 sollemne
675 2801 839 2880 imperinm
874 2808 960 2859 esset
983 2805 1147 2878 ornatum,
1178 2798 1209 2858 in

3 2910 164 2970 atiouibus
192 2913 338 2991 publice,
372 2912 403 2972 in
437 2911 635 2970 sermonibus
664 2925 735 2969 curn
767 2907 920 2969 uxoribus
950 2907 1116 2988 liberisque
1146 2905 1206 2968 ha-

15 3021 43 3078 is
67 3019 195 3078 deornm
218 3021 344 3079 nomina
365 3027 397 3079 et
419 3021 638 3080 auctoritatem
664 3037 738 3097 prae
759 3036 795 3076 se
817 3017 944 3089 ferrent,
965 3017 1044 3076 inter
1066 3014 1210 3095 philoso-

9 3126 126 3186 andnm
156 3143 268 3209 verum
298 3127 352 3188 vel
379 3145 448 3188 cnm
477 3127 586 3188 amicis
614 3124 796 3185 cultioribus
817 3125 1078 3190 confabulandum
1101 3147 1211 3190 veram

7 3235 62 3295 imi
92 3237 279 3296 seutentiam
309 3234 349 3297 de
375 3254 437 3297 nno
464 3237 527 3296 ‘deo
549 3235 705 3296 mundano
727 3235 780 3296 vel
803 3235 843 3295 dc
865 3235 931 3296 lato
954 3240 1058 3298 omnia
1078 3249 1211 3324 regente

2 3343 145 3404 oderent.
189 3345 317 3422 Quanta
335 3350 371 3408 iu‘
386 3347 436 3409 his
459 3350 552 3410 fuerit
573 3352 701 3413 libertas
724 3369 764 3412 ac
787 3371 889 3430 paene
911 3353 1052 3434 licentia,
1075 3347 1209 3410 Cicero·

0 3480 9 3509 :
38 3455 167 3535 scripta,
191 3457 337 3529 Lucretii,
363 3459 497 3534 Horatii,
516 3459 634 3520 Manilii
658 3461 752 3520 etiam
777 3459 950 3541 Ovidiiqne
972 3463 1110 3523 carmina
1130 3473 1208 3536 per·

6 3565 78 3624 icne
100 3563 269 3626 declarant.
313 3566 379 3629 Sed
401 3569 477 3628 talia
499 3585 541 3629 ert
561 3567 622 3628 illis
644 3569 748 3648 poetis
761 3587 873 3630 eruere
894 3571 975 3629 satis
990 3567 1120 3629 arduum
1140 3565 1208 3639 erit,

17 3690 81 3731 non
112 3681 199 3734 recta
229 3675 282 3735 via
311 3674 409 3735 libere
438 3693 517 3756 qnae
546 3677 685 3736 sentiunt
715 3676 932 3756 profiteantur.
980 3675 1054 3737 Huc
1080 3669 1208 3733 accedit

3 3781 144 3840 verentia
174 3788 206 3841 et
234 3781 338 3860 pietas
369 3782 524 3863 quaedem
558 3803 635 3864 erga
664 3783 848 3866 religionem
878 3802 1000 3844 omnem
1030 3783 1200 3861 antiquam,

8 3886 70 3945 imo
92 3885 228 3948 humano
250 3889 355 3951 insita.
401 3891 529 3974 Verum,
553 3890 634 3971 qnod
657 3893 810 3954 interdum
831 3891 955 3973 quidem
976 3890 1085 3973 fallax,
1110 3908 1205 3952 unum

3 4002 17 4053 t
39 3993 266 4077 adiumentum,
290 4000 318 4058 si
345 4000 539 4078 propositum
568 4001 777 4081 tetigerimus,
800 4000 1025 4071 firmissimum,
1050 4007 1101 4079 nt,
1122 4017 1205 4078 quae

19 4103 123 4190 itaet
143 4095 236 4185 quasi
261 4107 332 4168 velo
353 4117 439 4170 tecta
462 4111 608 4168 versibus
631 4109 754 4170 condita
777 4110 912 4170 subsunt
934 4127 952 4170 e
972 4107 1104 4190 singulis
1124 4125 1203 4168 ver-

0 4234 8 4261 :
33 4214 259 4292 sententiisque
282 4215 462 4289 eliciamus,
492 4215 524 4275 in
544 4233 605 4296 quo
628 4203 709 4276 illud
728 4223 833 4275 tamen
855 4215 1031 4276 cavendum
1056 4213 1131 4289 erit,
1163 4231 1204 4272 nc

1 4329 167 4398 aepostera
189 4321 322 4401 quadam
344 4323 487 4402 opinione
507 4326 649 4402 occupati
671 4322 710 4383 de
733 4333 848 4403 poetae
870 4332 975 4384 mente
996 4323 1058 4384 iarn
1079 4329 1201 4380 statue·

23 4445 77 4507 us,
107 4429 288 4508 prinsquam
311 4431 413 4492 omnia
435 4431 503 4490 eius
526 4430 608 4492 dicta
630 4449 859 4514 personasque,
881 4450 1012 4512 quarum
1036 4430 1081 4491 ori
1102 4428 1204 4488 tribu·

8 4545 69 4616 tur,
92 4537 364 4616 perpenderimus,
390 4539 538 4617 vitaeque
560 4539 628 4598 eius
650 4538 875 4620 doctrinaeque
897 4539 1003 4602 studia
1023 4555 1202 4621 perspexe-

0 4663 68 4705 nus.
113 4643 205 4721 Quos
233 4646 314 4705 enim
343 4646 372 4706 in
405 4646 603 4726 philosophia
640 4645 784 4708 habuerit
818 4648 953 4727 scriptor
989 4647 1203 4726 unusquisqne

8 4761 127 4827 ctoreS,
152 4771 230 4833 quos
252 4753 347 4814 libros
370 4753 496 4834 legerit,
519 4755 625 4836 magni
648 4773 726 4816 sanc
748 4763 799 4815 est
822 4759 981 4815 momenti.

938 4870 993 4931 9*
