3000 5184
471 235 526 298 De
547 227 741 300 loedere*
880 323 884 332 Ι
1149 233 1209 300 117
1313 183 1323 218 ³

3 418 147 482 ¹ncnndn
181 417 314 482 Plinium
329 420 372 492 in
396 420 528 482 naturali
550 419 679 481 historia
701 437 742 481 err
762 422 902 484 humano
922 437 1034 484 eruore
1056 433 1208 502 procrea·
1336 455 1341 460 »
1372 409 1386 456 '-

0 523 56 588 r.“
98 528 217 591 bocum
241 508 333 614 Plinii
356 547 416 590 non
439 527 564 602 inveni,
592 527 651 590 sed
680 527 740 590 huc
767 534 925 610 pertinent
951 530 1020 592 eius
1039 530 1150 611 XXii,
1177 529 1208 592 3.

5 634 88 696 rbaz
110 628 296 717 „Siquidem
320 644 467 707 auctores
491 636 608 716 imperii
641 635 775 698 Romani
804 637 1048 720 conditoresque
1075 639 1209 700 immon-
1339 648 1342 652 “

13 761 43 804 ιιι
74 743 223 825 quiddam
251 752 284 809 et
305 744 380 804 hinc
402 741 609 823 [ignobilibus
630 741 754 822 herbis]
776 757 964 839 sumpsere«,
983 747 1127 826 qomriam
1147 768 1210 810 non
1277 823 1285 834 ξ

4 849 98 912 iunde
119 853 304 934 sagmina
328 856 361 914 in
383 849 529 915 remediis
552 852 682 931 publicis
704 852 793 914 fuere
814 860 847 912 et
869 853 900 914 in
919 855 1020 915 sacris
1042 856 1209 938 legationi·
1295 922 1297 925 ,

16 977 98 1041 sque
129 964 344 1026 verbenae.
389 963 487 1026 Certe
511 971 645 1040 utroque
667 963 791 1024 nomine
810 959 894 1022 idem
915 961 1130 1042 significatur,
1151 961 1212 1026 hos

0 1077 32 1144 t,
53 1087 217 1150 gramen
240 1087 291 1132 ex
313 1087 404 1132 arce
433 1086 522 1130 cnm
549 1087 618 1130 sua
648 1076 757 1136 terea
786 1068 992 1148 evulsum,
1025 1087 1066 1130 ac
1086 1081 1211 1151 semper

12 1177 150 1256 legatis,
176 1195 269 1258 qnnm
298 1177 339 1238 ad
367 1177 478 1239 hostes
499 1177 748 1259 clarigatumque
770 1180 980 1254 mitterentur,
1009 1176 1132 1257 idest,
1160 1195 1213 1238 res

7 1294 80 1364 ptns
102 1277 187 1348 clare
206 1290 391 1366 repetitum,
427 1305 509 1348 unus
539 1286 648 1366 ntique
668 1286 873 1346 verbenarius
895 1283 1105 1347 vocabatur.“
1149 1283 1213 1362 Qui

0 1388 51 1450 ιιι1
75 1389 209 1452 Plinium
231 1389 417 1466 verbenarii,
437 1389 519 1471 apud
541 1391 714 1473 Vergilium
736 1400 811 1453 sunt
830 1392 903 1464 xit,
929 1391 1004 1454 120:

59 1499 167 1560 Veluti
186 1501 258 1560 limo
280 1508 312 1560 el
330 1503 499 1562 verbena
521 1509 659 1578 temporo
679 1506 785 1562 virenti.
1012 1581 1015 1587 Ι

5 1606 121 1670 rvius:
164 1608 340 1689 „verbena
373 1613 499 1689 proprie
533 1618 583 1678 eat
620 1607 717 1670 herba
755 1627 849 1671 saera
884 1618 1012 1689 sumpts
1047 1588 1094 1672 de
1123 1612 1210 1672 loco

0 1734 89 1778 cro
122 1717 344 1799 Capitolii,
376 1737 440 1799 qua
467 1717 697 1778 coronabantur
724 1716 852 1778 fetiales
880 1726 912 1780 ct
942 1726 1031 1798 pater
1065 1727 1211 1800 patratus
1254 1793 1259 1797 .

10 1828 101 1890 dere
131 1827 241 1892 facturi
260 1829 325 1890 ·vel
351 1828 435 1889 bella
462 1827 639 1890 indictur·i.“
684 1827 787 1888 Varro
820 1825 860 1886 de
891 1828 948 1888 vit
979 1824 1014 1889 P.
1035 1826 1075 1891 11.
1097 1826 1210 1910 fragm
1254 1804 1258 1811 ’

1 1941 24 2002 1.
44 1958 76 2019 p.
95 1936 176 2000 247:
215 1936 456 2017 „Verbenar'rus
485 1937 608 1998 ferebat
641 1937 828 2015 verbenam
873 1936 906 2000 id
938 1944 1006 1998 orat
1035 1934 1210 2014 cadomus,
1326 2002 1330 2009 x
1399 1999 1404 2013 ,

10 2049 59 2108 cis
82 2047 225 2130 signum3
256 2065 328 2108 narn
352 2045 500 2106 Mercurii
530 2046 653 2126 virgam
685 2063 858 2124 possumus
886 2039 1101 2106 existinrarefl
1136 2040 1210 2106 Ad-

7 2163 77 2218 mat
108 2154 222 2217 deiude
258 2157 382 2218 Plinius
415 2153 443 2220 t.
478 2156 593 2219 nnllam
630 2175 779 2218 coronam
806 2156 969 2238 graminea
995 2153 1095 2216 inisse
1116 2152 1210 2216 nobi·
1327 2167 1332 2172 “
1398 2112 1425 2202 ·¹

0 2286 91 2329 rem.
133 2264 226 2344 Quod
247 2263 287 2326 de
315 2262 523 2347 legationibus
554 2267 613 2344 ait,
650 2264 679 2325 id
702 2263 743 2324 ad
764 2262 895 2325 foedera
916 2261 1053 2324 maxime
1074 2269 1210 2340 spectat.

7 2376 86 2436 vius
105 2372 146 2436 de
168 2371 301 2434 loedere
320 2391 392 2434 cum
414 2369 729 2452 Carthaginiensibus
751 2369 875 2434 iciendo
896 2369 1130 2450 narrationi,
1152 2368 1210 2430 432

6 2481 114 2544 tiales
144 2499 238 2561 quum
265 2479 296 2540 in
327 2477 470 2540 Africam
501 2477 540 2539 ad
577 2477 691 2538 foedus
721 2477 895 2539 feriendum
936 2481 982 2540 ire
1020 2479 1210 2553 iuberentur,

2 2589 46 2649 is
70 2587 302 2667 postulantibus
323 2584 632 2648 senatusconsultum
653 2585 683 2645 in
704 2585 786 2645 haec
806 2584 905 2646 verba
927 2583 1047 2646 iactum
1065 2593 1133 2646 est:
1175 2594 1211 2645 ut

4 2697 80 2758 ivos
100 2694 221 2776 lapides
240 2695 345 2758 silices
366 2694 538 2775 privasque
559 2693 758 2754 verbenas
778 2710 888 2755 secum
903 2693 1031 2774 ferrent,
1053 2693 1210 2771 ntiprae·
1294 2692 1297 2694 ’

2 2806 203 2868 rRomanus
224 2803 273 2865 his
292 2802 473 2884 imperaret,
497 2812 531 2863 ot
551 2800 666 2863 ioedus
688 2800 828 2880 ferirent,
847 2801 891 2862 illi
910 2808 1088 2882 praetorem
1109 2822 1208 2886 sag·
1318 2828 1371 2851 ,-
1450 2884 1452 2895 Υ

7 2915 75 2976 ina
109 2920 285 2994 poscerent.
327 2911 457 2974 Herbae
478 2910 509 2975 11
529 2927 633 2996 genus
656 2929 704 2970 ex
726 2929 823 2972 arce
841 2920 1000 2991 sumptum
1022 2912 1089 2974 dari
1110 2911 1209 2974 ictio-

0 3041 51 3085 ins
72 3018 190 3084 soletf‘
214 3022 343 3083 Paullus
366 3042 407 3082 ex
423 3021 531 3086 Festo:
551 3020 727 3102 „Sagmina
748 3018 894 3084 dicebaut
908 3019 1025 3081 herbas
1039 3022 1209 3103 verbenas,

0 3133 42 3192 na
64 3151 106 3191 ex
124 3129 195 3191 loco
217 3138 328 3192 sancto
350 3129 539 3191 arcebantur
559 3124 611 3204 (1)
632 3128 748 3210 legatis
778 3128 1052 3209 proficiscentibus
1074 3128 1115 3191 ad
1136 3130 1209 3190 ioe-

0 3257 28 3300 ι1
53 3236 230 3298 iaciendum
259 3237 438 3316 bellumque
456 3233 655 3299 indicendum.
677 3236 773 3298 vela
792 3236 969 3300 sanciendo
995 3236 1027 3300 id
1051 3247 1102 3301 est
1128 3257 1208 3302 con·
1326 3275 1331 3282 ·

6 3341 154 3410 mando.“
206 3342 304 3408 Plane
337 3343 448 3405 eadem
476 3347 554 3406 ratio
584 3347 616 3406 in
648 3347 777 3425 antiquo
803 3345 856 3407 illo
878 3344 1008 3416 foedere
1028 3354 1159 3426 apparet
1181 3346 1207 3428 i,

21 3475 27 3514 :
71 3453 232 3534 „Pelidis
258 3470 365 3533 regem
392 3452 516 3538 'Pullum
539 3455 584 3514 ita
605 3451 748 3534 rogavitt
791 3451 928 3514 iubesne
950 3473 1020 3535 me,
1040 3474 1120 3536 rex,
1138 3475 1208 3518 enm
1311 3474 1313 3477 ·

10 3571 58 3622 tre
80 3569 204 3642 patrato
226 3559 332 3641 populi
354 3561 466 3621 Albani
488 3559 600 3622 foedus
622 3556 737 3622 ferire?
760 3560 891 3621 iubente
912 3581 1000 3645 rege,
1019 3566 1209 3646 sagmina,
1270 3544 1275 3552 „

1 3669 87 3751 quit,
121 3675 176 3744 te,
208 3688 295 3748 rex,
328 3685 462 3749 posco.
502 3668 577 3738 ,tter
608 3669 666 3728 ait:
700 3667 816 3729 Puram
846 3668 954 3730 tollito.
1001 3669 1133 3732 Petiaiis
1160 3691 1209 3733 err

17 3797 61 3843 cc
82 3776 276 3860 graminis
296 3776 458 3838 herbam
487 3794 621 3856 puram
651 3776 785 3838 attulit«
1068 3762 1072 3775 '

51 3912 82 3974 2.
124 3910 223 3972 Porro
246 3911 329 3985 xli,
353 3909 427 3970 rto:

219 4017 290 4080 Aci
305 4021 458 4099 sontem
478 4019 688 4095 iynemqnc
704 4019 861 4095 [mebant.

4 4145 63 4188 ·na
81 4107 120 4187 ¹et
138 4126 224 4206 ignis
244 4123 327 4204 apud
339 4125 504 4187 Romanos
528 4123 556 4183 in
573 4123 778 4186 sollemnibus
796 4123 935 4185 formulis
952 4132 1041 4186 crant
1055 4124 1209 4210 insignes,

17 4232 218 4316 gravissimis
239 4232 379 4316 negotiis
399 4231 641 4295 adhibebantur:
684 4232 801 4314 »Aqua
819 4239 852 4292 et
874 4232 959 4313 igni,
987 4235 1088 4315 inquit
1111 4234 1211 4297 Paul·

2 4370 10 4396 z
40 4359 84 4404 aar
105 4340 215 4413 Poste,
238 4349 303 4402 tarn
323 4340 467 4404 interdici
488 4339 569 4401 solat
591 4339 763 4416 damnatis,
785 4358 879 4421 quam
901 4328 1060 4420 accipiunt
1080 4351 1207 4424 nuptae.
1300 4366 1302 4369 ·

0 4465 79 4530 qne
101 4441 299 4528 [itemque'i]
321 4447 416 4508 incus
437 4445 596 4525 prosecuti
623 4444 792 4508 redeuntes
813 4446 951 4528 ignem
982 4451 1209 4533 supergradie-

6 4769 101 4832 1dee
123 4778 253 4855 eontra,
282 4789 361 4853 quos
383 4785 491 4834 arcere
512 4772 658 4834 volumus
679 4791 700 4834 a
720 4779 828 4833 nosco
850 4774 1035 4855 comnis,
1056 4772 1112 4834 eis-
1126 4785 1211 4857 aqna
