3000 5184
193 213 236 276 48
691 203 751 266 De
768 200 938 265 vexillo.
1490 196 1491 285 l

133 433 137 438 -
193 397 258 477 Vl,
280 394 317 458 82
354 389 532 456 »Celeriter
553 388 664 452 nostri·
676 388 814 449 clamore
833 383 959 446 sublato
978 383 1043 465 pila
1063 381 1095 443 in
1114 381 1229 443 bootes
1249 378 1448 441 inmittam

190 507 272 570 llirt.
300 503 338 564 B.
367 497 459 579 IIisp.
487 493 546 560 Ul:
589 493 768 558 „Proelium
797 492 937 555 elamore
966 489 1053 554 lacto
1077 487 1311 552 committitur«
1363 487 1450 548 triv.

191 609 316 689 XXIII,
341 607 394 669 lli:
424 600 618 666 »Marcellus
641 601 738 682 signa
760 616 889 679 canere,
916 596 1153 676 clamoremque
1171 595 1251 674 tolli,
1279 611 1322 658 ac
1344 594 1450 674 perli-
1490 660 1491 665 ,

191 729 242 780 tes
270 719 404 796 primum
425 743 467 758 -
488 741 529 756 —-
550 725 715 789 erumpere
741 705 857 768 iubeto
906 703 1008 785 VIII,
1040 701 1098 766 ὅθι
1128 703 1201 779 „At
1226 703 1363 764 herorrle
1392 702 1451 764 illo

152 881 158 888 .
192 825 244 890 dle
272 823 312 884 ab
341 819 420 883 bora
447 817 508 880 diei
539 813 632 878 tertia
663 812 704 877 ad
732 820 882 876 octavam
909 811 954 874 ita
981 827 1101 890 auceps
1130 809 1244 872 dicitur
1274 817 1448 874 certamen

191 931 341 1012 stetisse,
356 936 405 995 ¹ut
428 944 533 1009 nequo
558 925 699 1004 clamor,
727 929 763 985 ut
782 923 886 1002 primo
906 918 1008 981 semel
1030 935 1185 981 concursu
1208 925 1260 980 cst
1283 920 1450 1004 sublatus,

192 1043 324 1106 iteratus
345 1037 404 1116 sit,
431 1053 536 1116 noque
557 1034 650 1114 signa
670 1037 814 1112 promota
839 1028 911 1090 loco
939 1032 1069 1088 retrove
1097 1021 1261 1108 recepta.“
1325 1024 1446 1106 Veget

193 1148 328 1233 111„1s:
357 1145 512 1229 „Clamor
533 1150 658 1221 autom,
689 1157 783 1220 quem
804 1137 955 1233 barritum
976 1142 1113 1212 vocant,
1147 1135 1236 1215 prius
1256 1151 1321 1194 non
1355 1132 1443 1195 debe

194 1256 309 1338 attolli,
345 1272 439 1338 qnam
470 1255 557 1315 acies
579 1257 717 1328 ,utraque
748 1265 787 1308 se
817 1243 966 1308 iunxerit.
1020 1242 1244 1323 Imperitornur
1272 1241 1360 1304 enim
1391 1242 1447 1303 vel

194 1369 382 1446 ignavorum
404 1367 466 1432 est,
488 1355 660 1419 vociferari
681 1353 721 1416 de
740 1352 851 1434 longe,
872 1368 967 1432 quum
988 1349 1101 1411 hostes
1121 1349 1226 1432 magis
1245 1355 1444 1430 terreantur,

195 1473 314 1536 sicum
336 1469 466 1532 telorum
488 1465 554 1531 ictu
574 1463 720 1528 clamoris
739 1463 850 1526 horror
869 1462 1079 1524 accesserit«

766 1675 874 1782 §.aa

698 1855 758 1910 lle
774 1853 937 1910 vexillo.

156 2090 158 2098 ,
286 2025 369 2092 Belli
400 2026 483 2088 inter
518 2024 674 2087 'l'roianos
717 2024 880 2106 Italusque
909 2023 1013 2087 exorti
1045 2023 1164 2086 initiunt
1193 2021 1272 2084 libri¹
1292 2020 1449 2084 Aeneidis

202 2135 311 2199 octavi
332 2133 522 2196 describitur
542 2131 690 2196 versibus
709 2131 834 2212 primis:
1490 2114 1491 2149 ³

145 2305 152 2326 ,
285 2245 332 2306 Ue
350 2229 448 2304 tetta·
473 2245 635 2319 siparum
656 2239 818 2300 Laurenti
840 2239 970 2300 Ibamus
997 2240 1043 2300 ub
1070 2259 1165 2300 arce

207 2433 208 2436 Ἴ
285 2351 402 2412 Eorta
413 2350 447 2409 12·
453 2356 483 2428 t,
500 2354 533 2408 et
551 2365 652 2408 rouro
673 2351 882 2422 strepuerunt
900 2363 1020 2406 conatus
1041 2351 1172 2416 cacto,-

227 2513 229 2518 .
286 2459 499 2539 thue'ocrr'a
520 2459 681 2518 concussit
701 2473 811 2534 equor,
833 2459 931 2533 utque
950 2454 1192 2532 inpolitum,

282 2567 455 2644 Eoetemplo
476 2567 595 2628 turbati
615 2569 720 2627 animi.

127 2686 129 2690 ¹
200 2701 286 2766 Belli
305 2705 433 2777 monum
453 2706 516 2760 tion
538 2704 597 2770 est,
620 2695 703 2780 quod
725 2696 915 2761 tubadatur
934 2697 993 2760 sed
1013 2697 1168 2760 vexillum
1188 2697 1327 2779 rubrum,
1360 2695 1445 2777 quod
1490 2688 1491 2783 l

199 2825 259 2891 pro
279 2827 384 2871 rerum
404 2817 493 2872 statu
513 2811 547 2870 ln
569 2807 727 2890 Capitolio
748 2809 916 2891 Romano,
943 2807 1031 2870 urbis
1051 2825 1143 2891 arce,
1172 2808 1225 2869 vel
1251 2805 1345 2867 ducis
1371 2811 1447 2864 ten-

200 2919 280 2979 torio
302 2917 373 2978 sive
395 2917 552 2998 praetorio
574 2918 816 2999 proponebatur.
850 2919 919 2980 lam
940 2915 1094 2979 Servius:
1126 2913 1190 2996 „st
1211 2922 1302 2976 esset
1322 2914 1447 2974 tumul·
1490 2936 1491 2993 q

105 3030 124 3101 'v
199 3030 257 3086 tus
284 3023 303 3084 'a
333 3042 362 3085 e.
389 3023 505 3086 bellum
528 3024 671 3087 Italicum
692 3027 748 3086 vel
769 3023 946 3104 Gallinam,
967 3055 1011 3070 —·
1029 3056 1072 3068 -
1093 3023 1147 3104 qui
1166 3023 1272 3084 fuerat
1293 3014 1448 3083 ducturus

201 3129 385 3207 exercitum,
415 3130 482 3194 ibat
501 3130 542 3194 aul
565 3131 767 3214 Capitolium,
800 3140 834 3194 et
853 3129 970 3193 exinde
990 3129 1155 3210 profereus
1177 3127 1254 3190 duo
1275 3129 1447 3208 vexilla,
1490 3142 1491 3193 ὲ

201 3255 298 3300 unum
317 3255 519 3321 russeum,
549 3240 633 3320 quod
650 3237 774 3319 pedites
796 3238 971 3314 evocabat,
1003 3243 1037 3298 et
1065 3255 1161 3298 unum
1192 3237 1448 3315 caeruleum,

201 3344 287 3428 qnod
314 3352 383 3408 erat
408 3346 585 3427 equitum.“
632 3347 740 3411 Ceteri
760 3347 801 3410 de
821 3367 883 3409 uno
906 3353 1026 3408 tautum
1048 3343 1240 3426 loquuntur,
1270 3351 1304 3407 ut
1326 3343 1450 3407 Caesar

200 3454 239 3520 Β.
276 3448 359 3516 Gall.
394 3455 445 3536 Il,
476 3451 535 3518 20:
570 3455 725 3532 „Caesari
761 3457 867 3519 omnia
902 3473 964 3516 uno
995 3461 1138 3534 tempore
1171 3458 1262 3514 erant
1283 3451 1443 3535 urgenda:

200 3559 394 3626 vexillum
413 3562 671 3644 proponendum,
701 3563 786 3648 quod
809 3573 879 3626 erat
898 3562 1042 3645 insigne,
1072 3579 1170 3642 quum
1190 3559 1233 3622 ad
1252 3577 1342 3622 arma
1362 3577 1444 3622 oon·
1490 3560 1491 3639 ,

204 3673 288 3734 curri
310 3676 482 3752 oporteret,
503 3671 631 3756 signum
651 3673 726 3735 tuba
748 3667 911 3735 dandum“
930 3716 938 3732 .
958 3714 968 3731 .
990 3714 998 3730 .
1018 3716 1028 3734 .
1050 3687 1113 3750 quo
1134 3669 1208 3730 loeo
1230 3667 1358 3746 eadem,
1387 3685 1449 3750 qua

204 3776 290 3858 apud
310 3775 487 3860 Vergilium
508 3779 646 3857 ratione,
680 3781 775 3863 signu
805 3779 926 3841 vexillo
950 3784 983 3841 et
1002 3777 1156 3858 deinceps
1176 3776 1252 3839 tuba
1274 3775 1350 3838 data
1372 3795 1448 3838 sese

205 3882 376 3965 excipiunt.
415 3885 455 3948 ll.
477 3885 549 3950 Civ.
564 3888 637 3968 Ill,
663 3885 721 3948 89:
755 3885 885 3969 „Simul
914 3885 1028 3948 tertiae
1047 3885 1132 3948 aciei
1152 3884 1274 3964 totique
1294 3883 1448 3945 exercitui

205 3987 394 4074 imperavitl,
428 4011 475 4054 no.
495 3992 706 4056 iniussusuo
733 4000 955 4068 concurreret,
986 4011 1047 4074 se,
1076 4009 1174 4074 quum
1194 3989 1227 4052 id
1249 3989 1319 4051 lieri
1341 3992 1448 4068 vellet,
1490 4068 1491 4079 ,

208 4099 370 4165 vexillo
390 4099 541 4182 signum
561 4097 742 4164 daturum.“
775 4101 856 4162 Hirr.
877 4101 917 4167 tt
934 4100 1027 4182 Hisp.
1047 4100 1103 4162 28:
1125 4097 1379 4181 „Renuntiatum
1401 4104 1449 4159 est

206 4208 247 4273 ab
267 4207 529 4290 speculatoribus,
551 4209 737 4290 Pompeium
758 4207 799 4270 rlo
820 4210 916 4272 tertia
935 4209 1048 4292 vigilia
1064 4208 1097 4270 in
1117 4208 1188 4271 acie
1209 4205 1351 4271 stetisse.
1381 4207 1450 4270 lloc

205 4315 313 4381 nuntio
337 4315 431 4380 allato
450 4317 648 4380 vexillum
669 4316 862 4400 proposuit.“
909 4316 965 4378 Ad
985 4315 1089 4399 ipsam
1110 4316 1206 4378 etiam
1226 4332 1447 4396 pugnamus-
1490 4330 1491 4349 ²

208 4424 317 4492 valera
339 4421 483 4488 mendam
504 4423 767 4508 Octavinsapud
785 4425 867 4490 Hirt.
895 4425 932 4491 Β.
962 4425 1027 4487 Ar„
1042 4423 1111 4488 452.
1137 4422 1288 4505 „vexillo
1313 4422 1450 4503 sublato,
1490 4410 1491 4419 ¹

210 4549 274 4614 quo
294 4527 455 4614 pugnandi
467 4526 571 4598 ,dabat
591 4530 738 4614 signum,
772 4549 858 4614 quae
882 4532 1003 4612 primae
1028 4547 1132 4594 naues
1146 4530 1448 4612 subsequebantur,

210 4640 295 4705 idem
316 4647 352 4704 ut
365 4640 529 4715 (lacerent,
558 4633 795 4722 significabat‘f
841 4640 946 4702 Multa
973 4657 1066 4720 porro
1091 4638 1185 4701 lruirm
1213 4640 1313 4702 moris
1335 4639 1451 4704 indicia
1490 4688 1491 4697 ,

215 4748 300 4832 apud
319 4749 449 4842 Iriviurn
461 4745 706 4830 repperiuntur,
719 4756 756 4810 ut
775 4749 835 4829 tx,
856 4747 912 4812 2³:
931 4749 1106 4832 ²„Dictator
1124 4781 1167 4797 -
1186 4777 1228 4792 -
1248 4748 1379 4832 signnm
1400 4770 1452 4812 re·
