3000 5184
223 227 267 288 50
713 223 770 282 lle
790 231 966 283 tessera.

224 429 308 474 rum
328 407 400 469 sive
420 403 625 486 pruleeuunls
645 413 771 467 tessera
791 405 832 465 ab
852 402 966 466 endam
988 401 1168 486 [muniente
1187 405 1345 489 legionis]
1369 413 1466 485 pete·

224 521 344 585 haema
368 515 471 594 111‚5:
494 512 943 597 »Venalia[siguamilitnria]
959 515 1114 591 dieantur,
1127 531 1211 596 quae
1220 530 1307 578 vene
1328 515 1468 578 humana

224 628 472 711 pronuntiantur,
495 627 582 686 sinut
599 624 630 684 iu
651 624 816 707 uigiliis
836 628 892 688 vel
918 626 948 686 in
974 625 1094 706 proelio
1124 645 1182 707 prn
1208 629 1305 709 signe
1340 625 1464 705 dicitnr,

223 744 260 797 ut
279 741 372 816 puta:
395 734 585 812 victoria,
607 731 756 812 palma,
778 735 933 812 virtus,
955 731 1057 794 deus
1077 734 1300 810 nobiseum,
1323 734 1464 796 trium·

223 843 322 924 pirus
343 840 604 923 imperaturis
627 848 661 903 nt
691 841 753 903 aiis
784 858 992 922 quaeeunque
1014 843 1154 904 vuluerit
1179 841 1262 904 dare·
1277 844 1326 922 is,
1357 844 1463 924 quiin

224 949 367 1012 exercitu
398 949 494 1011 habet
514 953 683 1012 maximam
704 957 905 1030 potestatem.
928 947 1099 1012 Sciendum
1121 957 1225 1012 tamen
1244 958 1306 1023 est,
1322 955 1389 1014 ista
1399 969 1463 1014 vn-

224 1057 335 1120 ualrula
356 1056 495 1137 quetidie
515 1055 632 1120 debere
654 1056 799 1119 variari«
843 1053 1098 1137 ApudStatium
1119 1057 1218 1122 l'lreb.
1240 1059 1283 1141 X,
1309 1057 1369 1122 17:

387 1166 452 1226 Dat
471 1171 597 1226 tessera
619 1165 744 1245 siguum

309 1275 465 1336 Excubiis
485 1273 674 1356 positaeque
694 1277 795 1336 vines.

222 1383 327 1446 Huius
347 1392 498 1466 quantum
530 1380 595 1443 vidi
630 1390 776 1443 tesserae
806 1381 922 1444 nullum
953 1380 1038 1463 apud
1066 1379 1242 1464 Vergilium
1268 1385 1385 1442 exstat
1405 1397 1463 1441 ex-

222 1493 358 1574 emplum
381 1501 477 1573 utque
497 1490 690 1570 vestigium,
722 1489 854 1552 alterius
881 1505 1045 1552 veronna
1066 1496 1153 1550 certa
1177 1487 1317 1550 iniieitur
1338 1490 1460 1549 mentis

222 1599 303 1660 Aen.
328 1593 505 1678 v11,637:

223 1753 228 1758 -
303 1707 447 1772 Chesion
467 1709 591 1785 iamque
611 1711 736 1780 sonunt,
761 1708 789 1765 ι’(
807 1704 888 1766 seue
910 1713 1079 1767 tessera
1097 1709 1233 1785 ciprum.

221 1815 280 1876 uhi
302 1815 458 1876 Servius:
489 1813 693 1893 »Symbolum
716 1813 880 1894 bellinum,
914 1812 998 1896 quud
1029 1812 1071 1876 ad
1100 1830 1240 1895 pugnam
1268 1813 1460 1876 exeuntibus

221 1922 322 2004 datur,
346 1921 468 1984 scilieet
487 1911 616 2002 pro'pter
629 1920 859 1997 anniusinnem‚
878 1919 983 1982 ntiuit
1003 1921 1034 1982 in
1043 1919 1233 1982 bellnlllarli
1248 1919 1329 1981 Lar
1350 1919 1457 1992 deus,

221 2031 252 2091 in
274 2029 385 2091 Sullae
407 2029 555 2108 Apnlln
577 2029 827 2109 Delphinus,
855 2030 885 2091 in
907 2028 1060 2091 Caesaris
1079 2028 1221 2089 Venus
1241 2025 1459 2108 genitrim

221 2137 369 2218 Amplius
390 2157 431 2198 ex
451 2137 501 2199 his
521 2137 743 2200 listnrinnrnm
766 2136 948 2198 Latinorum
967 2135 1045 2198 leeis
1076 2136 1274 2216 inlustretur,
1304 2134 1390 2197 llice
1418 2133 1455 2220 β.

221 2246 315 2325 Hisp.
334 2243 391 2306 36:
436 2245 526 2308 »Heu
547 2263 582 2306 re
603 2245 749 2327 cognita,
772 2242 952 2330 insequenti
971 2252 1067 2306 nnete
1084 2243 1195 2326 vigilia
1215 2241 1308 2305 tertie
1332 2250 1457 2303 tessera

221 2353 306 2433 data,
335 2360 426 2414 extra
452 2353 570 2414 vallum
603 2371 716 2415 omues
738 2360 814 2416 suut
840 2352 990 2415 nonnisi«
1035 2350 1133 2415 Caes.
1163 2351 1203 2412 B.
1228 2347 1313 2412 Gali.
1336 2349 1380 2428 ll,
1400 2346 1460 2409 20:
1493 2428 1494 2431 Ἴ

222 2460 340 2523 „Acies
362 2460 554 2539 instruenda,
574 2461 689 2524 milites
714 2459 909 2538 enhnrtandi,
927 2459 1054 2543 signnm
1075 2456 1240 2521 dandum«
1270 2455 1324 2519 uli
1344 2463 1459 2538 peste-

220 2574 305 2632 rinra
325 2570 424 2634 verbu
444 2571 484 2633 de
504 2580 627 2634 tessera
648 2580 722 2634 sunt
753 2571 955 2653 explicanda,
995 2588 1098 2651 neque
1127 2567 1167 2632 de
1195 2569 1341 2632 tubarum
1367 2564 1458 2626 buci·

220 2698 392 2762 uarumque
405 2682 555 2764 clangore
577 2678 772 2763 accipienda,
796 2697 892 2762 quum
913 2696 975 2739 uon
989 2677 1092 2740 sulum
1106 2677 1259 2741 vexillum
1273 2697 1458 2760 prnpnueu-
1492 2746 1493 2749 Ἴ

221 2787 304 2868 dum,
327 2789 384 2850 sed
407 2791 534 2873 signum
555 2789 632 2852 tube
646 2787 783 2852 dandum
805 2792 870 2850 iam
890 2795 986 2849 antea
1005 2791 1048 2848 sit
1059 2795 1349 2853 commemoratum.
1370 2787 1454 2848 Hirt

220 2898 257 2959 B.
277 2899 377 2962 Afrie.
398 2897 454 2960 83:
479 2895 593 2976 uQund
615 2905 782 2979 postquam
804 2895 927 2960 Caesar
946 2893 1120 2978 intellexit,
1151 2895 1293 2958 inuitatis
1323 2897 1457 2960 militurn

221 3005 334 3066 anilnis
352 3005 459 3069 resisti
479 3007 562 3068 nullo
583 3003 676 3067 modo
696 3025 805 3087 passe,
827 3007 921 3090 signe
941 3005 1160 3071 felicitatis
1181 3006 1268 3090 dnn,
1290 3025 1376 3088 eqnn
1396 3006 1456 3070 ad·

222 3116 332 3190 misso,
362 3115 393 3176 iu
413 3113 538 3174 hostem
564 3120 674 3176 eontra
706 3115 866 3196 prinsipes
887 3115 933 3178 ire
959 3114 1150 3178 contendite
1201 3115 1358 3198 npoeris
1379 3116 1457 3180 haee

223 3223 384 3286 sufficiant
404 3220 550 3302 exempla
571 3221 655 3286 Stat.
677 3222 778 3290 Theb.
797 3224 874 3305 Vll,
895 3222 976 3286 236:

386 3330 502 3412 Longo
526 3327 610 3410 fugit
630 3328 737 3392 ordine
759 3330 856 3393 velox

274 3429 277 3436 ¹
306 3443 456 3520 Tessera,
478 3439 653 3520 propellunt
672 3442 768 3502 acies.
798 3523 801 3531 .

223 3551 282 3618 sil.
302 3550 386 3614 Pun.
407 3547 484 3623 XV,
505 3546 584 3611 475:

301 3660 303 3668 ’
589 3659 733 3723 Tacitum
757 3658 812 3723 dat
832 3666 959 3724 tessera
977 3658 1114 3744 signum.

220 3772 311 3834 Duos
334 3768 413 3834 alios
428 3768 570 3831 Maronis
589 3765 679 3829 lones
699 3769 868 3850 queminus
889 3767 1062 3852 eertollrun
1081 3766 1230 3848 referam,
1256 3765 1390 3848 impedit
1408 3787 1454 3830 me

221 3879 329 3944 neseio
360 3878 447 3960 quis,
475 3898 516 3940 ue
544 3878 640 3940 nimia
671 3877 808 3960 quadam
840 3877 981 3941 (lontrina
1011 3878 1108 3940 inlata
1138 3894 1267 3938 sensum
1297 3880 1453 3959 puetienm

222 3985 364 4062 laedam,
392 3986 493 4048 timor.
515 3985 641 4050 Etenim
662 3987 745 4048 Aen.
761 3988 804 4068 11,
822 3987 896 4052 370.
918 3978 1064 4053 'l'rnianis
1085 3988 1214 4056 Graeca
1233 4007 1322 4052 armu
1342 3990 1454 4055 indutu

222 4092 340 4176 primns
360 4110 397 4156 se
419 4091 510 4157 offert
525 4093 730 4178 Androgeos,
744 4099 798 4176 qui
817 4099 907 4159 aneia
928 4115 1004 4160 esse
1024 4101 1153 4182 agmina
1173 4099 1344 4162 mutunus
1358 4103 1455 4166 amine

221 4223 279 4268 ens
300 4202 476 4288 compellat,
495 4201 571 4266 375:
997 4287 1001 4292 .

222 4395 224 4398 Ι
301 4313 398 4376 naeu
416 4322 448 4376 et
465 4317 632 4396 extmplo,
656 4336 758 4398 mque
778 4323 863 4382 enim
881 4339 1037 4400 respersae
1056 4319 1214 4382 aelmaer

300 4422 385 4486 uua
404 4427 496 4501 antis,
517 4430 619 4488 sensit
637 4428 756 4490 medior
779 4429 931 4510 delapsus
951 4432 988 4490 ira
1007 4428 1118 4490 huam.

223 4545 276 4608 ubi
296 4545 445 4610 Serviusr
469 4548 578 4612 ”Bene
599 4549 720 4616 addidit
735 4556 816 4640 lida,
840 4561 878 4616 ut
896 4554 1082 4620 estenderet
1114 4553 1360 4638 symbulum,
1392 4574 1450 4638 pua

223 4653 441 4826 uptam&
462 4653 574 4718 bellue
594 4658 747 4740 argutior,
759 4677 969 4740 quamverum.
992 4660 1307 4726 Eademratinneati
1317 4663 1448 4747 ,11βῆ

218 4779 269 4822 nr
322 4779 406 4830 raeer
442 4807 445 4813 -
628 4780 632 4789 ’
