3000 5184
391 219 446 280 De
467 217 575 282 urbis
597 213 834 281 condendae
855 235 979 281 more.
1268 219 1310 282 37

56 403 269 484 temptentur,
293 391 484 484 oppidorum·
498 379 660 465 rationem*
678 397 814 483 aliquam
845 398 887 464 ad
914 421 1029 465 nomen
1059 401 1115 465 vel
1141 398 1232 465 dunin
1255 405 1310 464 vel

58 511 185 575 Troiae
206 511 342 592 habent3
364 510 395 573 in
416 510 634 593 Thraciam,
657 511 710 574 16:
804 515 807 520 '

478 643 682 728 Il'erorrltno²
703 653 736 708 et
756 647 848 710 litore
869 668 967 710 onroo

146 754 281 816 Moenia
296 758 403 832 prima
421 754 502 835 heo,
519 757 600 835 satie
622 759 790 834 inermos
809 761 943 839 intpraa'a,

148 859 429 944 Aeneadasque
448 882 516 924 meo
536 881 651 926 namen
671 866 710 925 de
728 868 854 926 nonnae
873 869 972 946 ttnqa.

60 997 99 1053 in
126 991 226 1058 Crete
246 996 307 1078 ΙΙΙ,
330 993 411 1060 132:

151 1126 245 1202 Eryo
267 1127 380 1186 nomae
400 1145 510 1189 murae
530 1133 656 1206 optatae
677 1128 790 1189 molior
809 1131 912 1211 nrlr'e,

150 1230 205 1290 Pe
213 1252 483 1314 rqomeampne
504 1255 590 1319 eoae,
614 1241 648 1296 et
666 1235 782 1298 laetam
804 1241 988 1313 aoonamine
1004 1243 1132 1316 pentem
1226 1248 1230 1262 ¹

150 1339 272 1400 Hortor
293 1361 402 1403 amore
418 1346 512 1421 soona
535 1362 703 1423 arcemque
723 1342 867 1405 attollere
887 1349 988 1405 tectio.

59 1477 95 1539 in
118 1479 234 1542 Sicilia
255 1482 358 1544 Beroe
376 1481 420 1563 V,
440 1481 513 1545 634.
534 1482 683 1545 mulieres
703 1483 747 1544 ita
769 1482 961 1546 exacerbat:

148 1610 295 1674 Nullane
316 1619 380 1676 r'am
405 1615 554 1678 Troiae
574 1618 721 1678 dioentnr
740 1617 891 1680 maenaa?
910 1635 1070 1698 nnepnom

152 1719 379 1783 Hectoreae
400 1727 517 1806 ananie,
538 1725 707 1785 Xontltnm
727 1730 767 1784 et
785 1722 1016 1800 Simoenta,
1038 1726 1170 1788 uidebo?
1243 1760 1247 1769 ·
1323 1768 1325 1776 ,

62 1844 207 1925 Nautes,
227 1854 279 1931 qui
301 1850 387 1912 urbis
407 1851 449 1912 ibi
470 1849 655 1915 condendae
676 1853 846 1916 eonsilium
866 1853 1001 1916 Aeneae
1021 1853 1089 1937 dat,
1103 1855 1149 1938 V,
1159 1855 1230 1923 718.
1251 1864 1314 1924 ait:

152 1982 270 2044 Urbem
291 1983 498 2060 appellabunt
511 1989 668 2061 permr'eao
689 1989 815 2046 nomme
835 1983 1040 2052 Aoeatam.

59 2116 103 2178 ab
126 2116 249 2178 Aceste
270 2116 395 2178 seilicet
425 2116 467 2178 ibi
489 2119 551 2179 iam
571 2117 743 2192 habitante,
767 2139 851 2202 qnae
866 2130 980 2202 postea
995 2121 1138 2202 Segesta
1153 2087 1314 2203 appellate

61 2233 125 2287 est.
151 2224 351 2306 Quapropter
375 2224 416 2300 V,
438 2224 512 2287 ⁷56.
532 2245 594 2287 non
617 2225 819 2303 denomino,
841 2227 902 2290 aad
924 2229 964 2291 de
984 2229 1097 2309 patria,
1120 2247 1205 2310 quae
1220 2232 1312 2313 quasi

64 2336 218 2398 restituta
241 2346 274 2398 et
295 2335 419 2401 reddita
441 2345 502 2413 est,
522 2336 739 2419 accipiendum
762 2346 827 2419 eet,
849 2356 945 2418 quum
968 2338 1122 2401 Aeneas:

460 2467 667 2530 anartium
688 2468 820 2529 ethaeo
840 2469 912 2528 looa
936 2469 1061 2528 Troiam

151 2575 241 2635 Ileee
258 2576 353 2636 iulet.

63 2707 238 2786 Quomodo
259 2707 345 2788 urbs,
369 2724 462 2789 quam
482 2706 613 2767 Aeneae
635 2704 716 2782 Vll,
740 2703 809 2767 157.
832 2713 1008 2768 castrorum
1031 2706 1062 2768 in
1084 2705 1210 2768 modum
1232 2725 1313 2770 oon-

62 2816 129 2896 dit,
155 2835 198 2878 ex
219 2815 355 2896 Vergilii
375 2821 482 2876 mente
502 2813 598 2875 fuerit
618 2811 788 2894 nominata,
810 2831 852 2874 ex
873 2812 1013 2874 carmine
1034 2813 1104 2894 ipso
1126 2833 1189 2874 non
1212 2822 1312 2894 patet,

62 2943 257 3006 quamquam
286 2923 422 2986 Servius
444 2923 603 2986 'froiam
624 2928 715 3002 putat
734 2930 832 3002 atque
853 2919 894 2984 ad
916 2919 998 2984 hano
1019 2921 1210 2991 sententiam
1233 2941 1314 2985 oon-

65 3030 257 3095 firmandam
280 3035 351 3114 lx,
379 3031 458 3097 644:

150 3168 222 3229 Nea
249 3173 280 3228 te
305 3168 424 3230 Troia
444 3143 536 3246 eupit.

65 3295 188 3360 iaudat.
239 3296 290 3360 Cs.
322 3296 406 3360 idem
434 3297 478 3361 ad
497 3300 558 3381 IX,
579 3298 634 3360 48:
659 3301 765 3363 „Urbi
784 3299 910 3375 Troiae,
929 3317 1024 3381 quant
1045 3298 1169 3361 fenerat
1183 3300 1313 3362 Aeneae

64 3413 247 3468 castrorum
268 3408 302 3466 in
323 3423 475 3471 rnorem«
497 3405 621 3469 Verum
634 3424 787 3468 versuum
808 3425 910 3469 naxus
927 3406 1010 3468 aliud
1030 3405 1154 3468 videtur
1171 3404 1312 3481 efficere,

65 3534 163 3598 quum
183 3513 299 3594 Apollo
322 3512 515 3595 Ascanium,
550 3513 604 3594 qui
628 3513 762 3594 primum
791 3513 916 3575 hostem
947 3512 1124 3588 occiderat,
1153 3512 1308 3572 hortetur:

66 3624 179 3684 Macte
206 3641 288 3682 nooo
308 3625 423 3681 virtute
441 3640 534 3698 puer,
565 3622 695 3704 genitus
715 3638 753 3682 es
773 3617 836 3682 diis
866 3629 900 3682 et
925 3624 1093 3703 geniturus
1114 3619 1216 3697 deos,
1252 3632 1313 3677 neo

66 3742 101 3794 te
116 3730 203 3811 eapit
218 3728 326 3810 Troia,
347 3727 366 3788 i.
389 3746 418 3787 e.
439 3727 538 3788 maior
566 3745 621 3808 es,
644 3745 740 3809 qnam
763 3728 876 3811 patria,
903 3729 987 3790 unde
1008 3727 1158 3790 oriundus
1181 3745 1229 3792 es.
1260 3725 1313 3788 Aa

67 3857 187 3903 novam
208 3838 293 3900 iliam
315 3835 425 3899 urbem
445 3834 653 3898 vehementer
674 3834 783 3898 dubito
805 3837 972 3917 anApoito
993 3835 1179 3917 respexerit.
1207 3835 1313 3898 Etiam

70 3951 113 4031 X,
136 3951 194 4013 26:

439 4051 550 4114 Mnra'e
572 4057 687 4114 iterum
707 4054 849 4112 imminet
867 4049 968 4110 ltoeta'e

152 4164 327 4226 Nasamon
352 4159 470 4224 iioioe.
829 4139 834 4148 ’

68 4305 109 4368 de
138 4300 235 4364 Traia
264 4297 358 4379 quasi
380 4303 491 4358 renata
518 4290 720 4375 aeoipiendus
748 4293 818 4375 erit,
841 4290 1104 4376 quemadmodum
1133 4293 1246 4358 Venus
1267 4299 1311 4379 X,

69 4414 122 4476 60.
144 4407 315 4472 Xanthum
341 4413 374 4467 et
394 4403 558 4467 Simoenta
579 4401 727 4466 Troianis
748 4415 784 4465 ut
802 4401 934 4484 reddat,
979 4403 1091 4466 iovem
1111 4402 1259 4468 obsecrat
1279 4412 1314 4465 et
1355 4435 1360 4442 ·

71 4523 113 4604 X,
135 4515 216 4580 213:

161 4628 219 4692 Tot
239 4619 316 4682 lecti
332 4636 483 4699 proeerea
504 4623 552 4680 ter
573 4616 664 4678 denia
684 4615 818 4678 naoilne
838 4617 928 4678 ilont

160 4730 311 4802 Suleidio
336 4727 455 4788 Troiae.
