3000 5184
140 227 144 237 =
185 187 230 257 ⁷⁰
288 191 345 253 De
365 191 517 274 clipeo,
539 200 679 273 scoto,
701 212 853 275 parma,
875 193 999 275 pelta,
1020 198 1152 271 cetra,
1173 190 1311 254 ancili.

187 374 275 455 tium,
310 392 445 455 quornm
476 375 605 439 alterius
638 394 733 457 auro,
771 375 901 439 alterius
933 386 1065 461 argento
1098 378 1303 443 caelaverunt
1328 371 1437 435 Livio

187 489 271 542 teste
292 482 355 561 lX,
376 479 427 541 40.
449 480 544 563 Apud
567 480 701 544 eundem
722 480 838 559 lx,3tt.
862 484 1008 565 Papirius
1021 483 1060 543 'in
1081 484 1233 545 concione
1248 481 1288 543 dc
1309 479 1436 541 iisdem

188 587 382 650 Samnitibus
395 587 534 650 disserit:
554 590 657 668 „Non
679 590 887 653 cuimcristas
903 590 1153 655 vulnerofaccro
1174 598 1207 652 ct
1228 610 1285 670 per
1307 589 1437 669 picta

187 703 283 777 atque
305 704 418 757 aurata
438 705 556 759 scuta
577 698 711 784 transire
732 697 911 761 Romanum
932 696 1061 780 pilum.“
1121 698 1245 761 Notata
1266 715 1347 759 vero
1374 695 1434 759 di·

185 804 332 883 gnissimi
353 813 430 866 sunt
449 810 571 886 equites
590 827 634 867 eo·
653 809 732 868 urbe
751 806 870 869 Lotirao
890 808 952 887 lx,
973 802 1052 871 ³702

273 912 459 975 Tercentum
479 920 638 977 scutati
657 936 777 1000 omnes,
803 919 835 979 V
832 918 971 979 olooente
992 920 1153 993 mopiatro.

189 1047 345 1111 Servius:
366 1065 447 1126 ,‚nou
470 1049 613 1130 clipeati5
639 1068 712 1113 nam
731 1051 821 1131 clipei
843 1050 1101 1133 peditumesuut,
1131 1054 1225 1109 scuta
1252 1044 1433 1128 equitnm.“

189 1154 333 1233 Fallitur,
366 1166 403 1228 ut
422 1178 465 1221 ex
486 1159 641 1241 exemplis
659 1161 721 1221 iam
744 1160 850 1221 allatis
870 1180 889 1221 e
911 1159 1069 1240 Livicque
1095 1165 1198 1237 patet,
1227 1164 1318 1218 scuta
1341 1154 1434 1215 enim

189 1262 232 1325 ad
253 1264 433 1347 graviorem
453 1265 592 1345 peditum
615 1278 804 1330 armaturam
825 1269 962 1330 maxime
982 1268 1149 1348 pertinent.
1182 1266 1231 1327 lta
1254 1262 1342 1343 apud
1364 1262 1433 1321 Li-

189 1373 277 1435 vium
297 1373 453 1456 xxvlu,
473 1375 503 1437 2.
530 1377 646 1438 scutati
675 1376 832 1457 equitibus
854 1384 1060 1457 opponuntur.
1082 1373 1132 1436 cf.
1155 1374 1246 1451 Vlll,
1264 1374 1300 1435 8:
1334 1370 1434 1447 „uo-

192 1478 314 1542 bostior
334 1482 407 1544 inda
433 1492 524 1546 aetas
544 1483 674 1546 totidem
696 1486 934 1566 manipulorum,
967 1484 1078 1565 quibus
1100 1480 1353 1563 principibus
1376 1486 1435 1539 est

190 1607 318 1669 nomeu,
354 1590 424 1652 hos
446 1591 670 1674 sequebantur,
705 1593 861 1654 scutati
893 1610 1043 1673 omnes,
1074 1587 1254 1672 insignibus
1290 1586 1436 1647 maxime

190 1704 317 1764 armia.“
337 1704 414 1765 Non
434 1722 577 1786 possum,
599 1709 673 1788 quin
693 1704 735 1767 ad
755 1705 838 1766 hanc
861 1702 1079 1764 difficultatem
1114 1696 1322 1761 ninovendam
1355 1704 1433 1755 sta·

192 1820 292 1891 tuam,
315 1819 441 1892 poetam
462 1813 577 1891 legatis
599 1816 670 1894 regi
693 1812 800 1873 Turno
819 1828 973 1892 responsa
994 1807 1168 1869 ferentibus
1182 1822 1283 1867 rarum
1307 1798 1430 1882 aliquid

192 1925 226 1978 ct
244 1918 405 1997 singulare
426 1920 563 1979 tribuere
592 1920 742 1983 voluisse.
784 1920 875 1998 Quae
902 1900 985 1982 enirn
1008 1918 1123 1981 exinde
1152 1916 1248 1977 oritur
1274 1909 1430 1975 fortitudo

195 2025 334 2105 equitnm
354 2032 451 2105 atque
463 2024 607 2088 habilitas
630 2029 753 2109 maguis
773 2030 832 2089 illis
854 2028 1047 2112 tegumentis
1070 2044 1145 2087 sese
1161 2023 1332 2087 tuentium!
1358 2020 1431 2082 Oc-

196 2140 296 2195 terum
330 2133 414 2214 quod
445 2134 600 2195 scutati
631 2144 849 2197 tercentum
872 2145 963 2219 sunt,
994 2118 1139 2219 exemplo
1161 2135 1201 2197 de
1224 2134 1333 2197 militia
1357 2131 1431 2193 llo-

193 2260 287 2304 mana
308 2252 432 2323 sumpto
453 2243 642 2308 inlustratur.
673 2245 785 2327 [lydus
808 2246 888 2308 enim
912 2247 1054 2331 magistr.
1081 2246 1116 2311 P.
1138 2247 1175 2309 lt.
1195 2246 1219 2316 1,
1241 2242 1289 2303 tc.
1308 2247 1430 2317 narrat,

176 2350 298 2412 ‘fuisse
317 2350 390 2412 indo
411 2350 451 2412 ab
485 2370 567 2412 anno
587 2341 630 2412 V.
662 2349 699 2416 Ο.
736 2350 920 2413 CCClnXV
929 2373 936 2413 ι
973 2346 1111 2435 σπείρας
1130 2346 1189 2430 μὲν
1209 2337 1277 2411 ἀπὸ
1298 2366 1428 2431 τρια-

193 2452 341 2520 κοσίων
363 2447 633 2537 ἄσπιόιωτῶν,
653 2450 694 2533 ἃς
714 2454 846 2519 καλοῦσι
867 2445 1010 2543 κοόρτης.
1035 2460 1135 2521 Scuta
1156 2478 1234 2520 vcro
1257 2478 1318 2519 non
1340 2472 1432 2515 sem-

194 2588 253 2650 per
275 2551 356 2631 aere*
368 2580 528 2647 constare,
549 2570 609 2634 sed
623 2572 789 2634 viminibus
800 2572 893 2631 etiarn
906 2562 990 2629 flecti
1005 2568 1200 2649 pellibusque
1210 2570 1289 2651 tegi,
1312 2578 1429 2631 osten·

193 2676 240 2741 dit
258 2687 354 2760 poeta
376 2680 443 2761 Vll,
464 2676 542 2746 6322

646 2766 857 2865 Flectuntpue
878 2784 1067 2861 antiquos

279 2898 456 2962 Umbocum
475 2901 614 2957 cratia.

195 3029 380 3112 quibuscum
403 3028 675 3112 comparesCoes.
696 3030 733 3103 Β.
744 3028 825 3094 Gall.
847 3026 958 3110 11,33:
980 3028 1117 3105 „Partim
1130 3028 1230 3089 acutis
1244 3044 1285 3089 ox
1303 3021 1421 3085 cortice

194 3137 289 3200 factis
311 3145 365 3198 aut
386 3137 554 3199 viminibus
581 3139 726 3221 intextis,
759 3154 841 3219 quac
863 3135 985 3217 subito,
1003 3144 1055 3215 ,ut
1084 3134 1234 3216 temporis
1263 3131 1422 3216 exiguitas

187 3246 388 3344 postulabat,
412 3245 545 3326 pellibus
564 3244 781 3307 induxerant.“

278 3370 308 3433 3.
348 3370 448 3433 Scuto
468 3368 567 3429 minor
589 3369 683 3430 etiam
704 3388 841 3449 parma
864 3368 932 3447 fuit,
964 3368 1062 3451 (Lyd.
1085 3388 1170 3451 mag.
1192 3368 1228 3428 P.
1249 3366 1288 3429 R.
1312 3368 1338 3449 l,
1364 3368 1427 3438 ll.)

197 3486 293 3559 atque
304 3474 475 3539 secundum
487 3475 663 3536 Varronem
684 3474 721 3534 1..
733 3475 770 3535 L.
792 3475 832 3539 V.
847 3480 873 3547 ς.
888 3476 954 3537 115.
979 3474 1128 3539 rotundat
1151 3476 1299 3557 ‚‚l'arma,
1316 3474 1428 3556 quoda

200 3584 304 3645 medio
325 3586 357 3648 iu
380 3584 485 3645 omnis
499 3582 618 3661 parteis
639 3583 727 3662 par.“
749 3582 852 3644 Varro
876 3572 1099 3665 ciprovpe'varoa,
1120 3584 1199 3656 [sio]
1216 3578 1295 3667 περὶ
1306 3602 1429 3663 μαρτυ-

197 3685 272 3777 ριάς
292 3691 579 3765 (Nou.s.v.veles]
592 3691 767 3771 inpilia:
813 3691 939 3769 „Quem
962 3700 1135 3773 sequuntur
1152 3708 1223 3753 curn
1245 3690 1428 3752 rotundis

198 3801 314 3864 velites
335 3802 425 3864 leves
448 3800 623 3881 parmisf‘
651 3800 761 3880 Polyb.
778 3799 948 3879 vuum:
964 3789 1011 3858 Ἡ
1029 3792 1066 3859 δὲ·
1087 3784 1201 3881 πάρμη
1222 3792 1276 3858 καὶ
1298 3784 1427 3875 δύναμιν

199 3897 267 3983 ipae
288 3902 329 3990 τῇ
349 3882 538 3991 rocconem,
559 3901 612 3967 καὶ
633 3900 776 3989 μέγεθος
796 3895 912 3990 ἀρκοῦν
933 3894 1015 3989 πρὸς
1035 3892 1225 3989 ἀσφάλειαν·
1253 3924 1426 3990 περιφε-

201 4003 276 4098 ρὴς
295 4003 355 4099 γάρ
377 4002 458 4078 οὖσα
478 4012 525 4098 τῷ
545 4002 685 4099 σχήματι
704 4008 906 4098 animatior
929 4003 999 4091 ἔχει
1016 4001 1087 4095 τήν
1115 3998 1355 4097 διάμετρον.
1377 4013 1426 4079 cf.
1464 4065 1465 4068 ,

202 4121 321 4201 Veget.
342 4123 398 4196 lll,
422 4122 471 4185 to.
499 4122 656 4184 Velitibus
676 4120 936 4191 Liv.xxv1‚4:
969 4136 1116 4199 „parmae
1137 4120 1310 4193 breviores,
1334 4137 1425 4199 qnam

127 4309 132 4313 ,
202 4228 387 4307 equestres“
410 4227 503 4289 datae
523 4237 605 4290 sunt
625 4226 873 4303 Cl.XXXVlll‚
887 4226 947 4289 at:
967 4226 1049 4303 „Hic
1071 4228 1162 4287 miles
1185 4226 1426 4307 tripedalem

203 4349 378 4414 parmam
399 4334 494 4394 habet
516 4343 549 4396 ot
567 4336 598 4396 in
621 4333 863 4417 dextrahastas,
882 4336 995 4415 quibus
1018 4335 1140 4395 eminus
1162 4334 1268 4416 utitur,
1290 4332 1423 4417 gladio

203 4439 404 4520 Hispaniensi
421 4448 470 4501 est
480 4439 634 4504 cinctus.“
643 4437 766 4519 XXXI,
777 4442 836 4507 35:
850 4442 967 4519 „Veliti
985 4442 1128 4504 Romano
1150 4420 1323 4521 parmam
1346 4441 1427 4523 gla-

203 4548 390 4628 diumque
410 4545 564 4611 habenti.“
606 4546 715 4629 Quid?
748 4551 864 4615 Nonne
893 4550 955 4613 hoc
975 4569 1128 4614 armorum
1157 4568 1260 4635 genus
1291 4550 1422 4615 induitur

205 4656 343 4723 Helenor
363 4654 447 4739 apud
467 4656 641 4743 Vergilium
658 4658 717 4736 lx,
739 4658 815 4721 546:
