3000 5184
193 232 255 299 tsi
292 232 350 295 lle
369 208 729 316 prodibunt-otis,
752 230 1030 314 precationum
1053 229 1251 294 loruulis
1273 238 1353 293 cet.

764 514 800 605 i
818 521 871 595 oo

217 676 278 732 lie
294 674 499 745 precibus,
515 674 633 745 vetis,
650 676 938 745 precationum
956 674 1152 734 termulis
1170 675 1426 745 ritibusque.

272 846 471 926 Apronius
491 852 571 909 vota
596 849 643 909 lta
670 843 838 931 uiderunt,
874 854 910 909 ut
936 847 998 909 illis
1027 845 1107 909 deos
1139 846 1285 909 lronrines
1315 797 1457 927 alicuid

193 962 316 1037 petant,
349 953 400 1015 bis
429 958 611 1034 promittant
637 962 765 1036 gratum
797 955 872 1038 quid
900 960 1020 1020 numni
1052 957 1161 1020 divino
1194 955 1450 1039 praestandum,

193 1080 295 1145 eaque
316 1060 493 1123 differentia
514 1081 533 1124 a
553 1072 650 1144 poeta
671 1083 798 1147 quoque
825 1076 990 1152 servatur,
1026 1069 1117 1131 cuius
1146 1088 1167 1131 e
1194 1067 1303 1129 multis
1334 1081 1455 1147 psum

199 1167 353 1249 quaedem
375 1168 521 1251 exempla
540 1170 643 1233 libabo
665 1171 721 1255 ill,
743 1170 822 1235 437:

273 1280 409 1339 Iunonie
427 1298 562 1355 manoe
580 1284 719 1356 prr'rrrum
735 1297 863 1358 prece
881 1302 999 1345 mm
1018 1287 1127 1359 adora,

272 1391 393 1452 Iunoni
409 1404 490 1447 eane
511 1392 601 1446 cota
622 1385 750 1447 liberior

3 1582 7 1594 Ι
142 1472 155 1485 ⁸
192 1497 286 1577 Quae
306 1496 375 1577 Vl,
409 1492 460 1557 51.
489 1511 545 1573 per
575 1490 728 1573 Sibyllam
756 1492 798 1555 ab
829 1492 943 1557 Aenea
962 1504 1137 1574 poscuntur
1158 1503 1230 1557 coto
1249 1514 1452 1575 precesque,

190 1617 304 1691 postea
330 1602 427 1666 talem
454 1601 484 1663 in
510 1598 637 1661 modurn
664 1598 866 1682 dividuntur,
895 1610 931 1663 ut
952 1602 1102 1664 versibus
1126 1603 1169 1665 56
1185 1605 1289 1668 -os
1312 1624 1455 1685 preces,

191 1714 233 1777 69
249 1745 288 1759 -
302 1711 352 1778 ⁷4.
375 1722 453 1774 vota
473 1713 697 1793 exprimantur.
748 1710 868 1774 Cetera
895 1709 937 1774 ad
963 1712 1103 1793 linguam
1125 1713 1247 1793 magis,
1279 1732 1374 1795 qrrarn
1404 1714 1453 1775 ad

193 1824 286 1885 ritum
308 1821 506 1903 pertinentia,
525 1827 560 1880 ut
580 1826 652 1881 coto
671 1819 794 1880 coluere
815 1820 874 1897 xi,
897 1820 938 1895 4.,
959 1821 1059 1882 libem
1076 1820 1133 1899 lll,
1154 1820 1237 1896 438,
1257 1829 1364 1883 cotum
1379 1842 1453 1900 pro

192 1931 357 2007 rediturii,
381 1927 440 2005 17.,
461 1927 493 1989 in
514 1926 775 2006 inscriptionibus
795 1927 1002 1988 usitatissima
1020 1926 1203 1992 omittimus.

177 2044 180 2053 '
275 2035 430 2099 Precibus
462 2054 540 2095 vero
569 2054 625 2115 per
651 2033 786 2115 Vergilii
808 2035 946 2097 carmina
978 2035 1131 2118 dispersis
1162 2036 1299 2099 subesse
1327 2043 1452 2098 notato

194 2141 344 2205 formulas
365 2142 583 2221 precationum
609 2139 832 2202 Romanarum.
875 2140 1032 2203 Prolauos
1053 2159 1073 2202 a
1097 2143 1200 2204 sacris
1221 2140 1340 2203 abesse
1363 2160 1450 2202 rno-

177 2252 274 2325 ·ueri‚
293 2265 351 2311 res
370 2252 546 2311 notissima.
587 2248 647 2330 Vl,
671 2248 755 2309 2582

580 2356 712 2437 Procul,
734 2377 753 2417 o
768 2359 883 2435 procul
900 2365 967 2419 erte
984 2359 1126 2438 profani,

277 2464 461 2529 colunnae
480 2469 578 2544 curo,
601 2470 724 2545 totoque
744 2468 886 2527 adsistite
905 2467 987 2527 luco.

195 2574 268 2635 Alia
288 2574 421 2635 formula
455 2572 485 2631 in
508 2570 608 2633 sacris
630 2570 782 2632 Romanis
806 2572 949 2633 usitatior
970 2571 1019 2632 iris
1040 2569 1150 2631 verbis
1172 2579 1241 2644 erat
1259 2576 1448 2649 concepta:

195 2682 386 2745 i'liviti'li.
408 2676 596 2742 lrlNGVA.
618 2678 846 2758 Qi'isoi'ts.
868 2678 994 2743 ADES.
1015 2678 1058 2752 V,
1079 2677 1117 2739 71
1126 2698 1137 2761 5

283 2772 354 2851 0νέ
366 2792 472 2871 facete
493 2806 612 2861 omnen,
633 2794 668 2848 ei
686 2791 803 2865 vincite
823 2793 963 2864 temporo
982 2791 1092 2845 romr'r.

197 2896 224 2979 i,
246 2894 324 2958 ⁷352

278 3005 326 3065 Et
345 3023 401 3064 voe
422 3023 440 3064 o
461 3008 581 3064 coetum
606 3000 696 3079 Pyrri
716 3000 871 3062 celebrate
888 3001 1045 3080 furenter.
1177 3064 1181 3072 ,

231 3110 277 3172 111
310 3107 384 3170 m:

196 3109 230 3173 v
278 3156 412 3297 iirrnuo,
432 3234 515 3294 quoe
536 3216 661 3297 differre
680 3215 786 3293 nefor,
807 3211 961 3273 celebrate
977 3214 1134 3292 furenter.

197 3349 332 3412 Romani
352 3364 456 3430 porro,
477 3365 570 3428 quum
592 3344 715 3407 nonnisi
736 3360 757 3405 a
777 3342 839 3404 diis
860 3341 1079 3422 praesentibus
1097 3340 1247 3402 auxilium
1260 3339 1446 3403 hominibus

199 3457 316 3522 adferri
336 3472 436 3537 posse
457 3452 633 3532 crederent,
653 3468 723 3530 eos,
742 3458 777 3511 ut
798 3448 1013 3529 adessent,
1035 3447 1158 3529 precari
1179 3447 1335 3510 solebant
1361 3451 1449 3513 Ser·

198 3570 300 3639 vovit,
324 3565 384 3625 nisi
405 3562 503 3645 fallor,
534 3582 552 3625 e
574 3560 652 3622 libro
673 3559 727 3620 vel
749 3577 804 3619 ore
823 3556 994 3639 pontificali
1016 3555 1077 3617 hoc
1099 3555 1190 3617 nobis
1213 3554 1448 3639 indigitamen-

199 3684 265 3739 ium
289 3671 445 3735 Arucbius
468 3667 612 3749 111,43:
639 3666 803 3747 andeste,
832 3665 989 3744 adestote,
1012 3664 1054 3725 dii
1076 3672 1230 3744 penates,
1256 3672 1291 3725 tu
1313 3667 1446 3747 Apollo,

199 3791 295 3864 tuque
317 3784 482 3862 Neptune,
507 3779 672 3859 omniaque
694 3777 773 3838 haec
794 3776 892 3850 mala,
912 3772 1028 3854 quibus
1050 3789 1139 3839 uror,
1162 3778 1300 3848 torreor,
1327 3792 1449 3857 vexor,

200 3893 300 3952 vestri
319 3889 454 3953 numinis
474 3894 686 3949 averruncate
707 3881 902 3945 clementia«
933 3881 1036 3941 'leste
1059 3879 1175 3942 Servio
1198 3880 1370 3943 Tiberinus
1393 3884 1448 3943 iu-

200 4004 333 4058 vocetur
352 3998 383 4061 in
405 3996 573 4077 precibus:
594 3989 781 4053 Ariusio.
796 3989 1017 4053 ricuinus.
1030 3988 1140 4051 cvii.
1158 3988 1275 4052 'WlS-
1292 3990 1360 4052 VN
1364 3993 1449 4056 DlS.

204 4101 300 4179 Quod
321 4107 400 4166 mire
417 4106 563 4165 servavit
585 4102 676 4162 Maro
698 4099 789 4181 viii,
809 4097 869 4160 ⁷22

286 4210 395 4288 inque
411 4230 430 4269 o
455 4210 572 4286 Thybri
591 4212 645 4267 luo
663 4208 789 4283 peritior
811 4222 884 4265 oum
899 4203 1032 4280 flumine
1051 4207 1161 4262 canelo
1183 4244 1193 4262 .
1214 4244 1224 4263 .
1246 4244 1287 4263 ..

282 4314 412 4399 Adsis
434 4336 452 4376 o
470 4298 596 4375 lantum
616 4318 648 4372 et
665 4314 798 4389 propior
819 4316 876 4370 tun
896 4310 1027 4368 numina
1043 4310 1163 4387 firmes.
1408 4309 1451 4372 78

203 4418 262 4501 lV,
283 4420 360 4484 578:

284 4529 346 4589 Ad
351 4532 390 4590 ri
394 4552 412 4591 s
434 4550 452 4591 c
469 4530 681 4611 placidosque
700 4531 798 4590 iuver.

201 4636 228 4717 i,
247 4634 326 4697 734:

281 4760 399 4825 Adsit
417 4762 559 4829 loetitiae
573 4760 723 4823 Borrine
745 4761 837 4820 dator
856 4764 887 4819 et
908 4757 990 4817 boreo
1015 4755 1107 4818 Iuno.
