3000 5184
199 201 268 266 ¹38⁴
723 205 779 270 De
800 204 888 268 diis

197 385 266 447 aliis
288 384 368 446 loois
388 386 430 447 ad
452 388 572 472 Parcas
593 407 612 448 e
633 387 732 470 plebis
747 389 983 471 superstitione,
1007 390 1206 474 ¹¹²V1⁷⁹⁸3

279 493 319 573 Si
338 514 490 556 concessu
507 505 592 576 pelo,
613 501 743 583 sidant
761 520 800 560 eu
819 505 945 562 moenia
966 504 1102 569 Poroue.

198 598 265 664 Sed
288 599 369 664 haeo
391 601 462 662 trita
485 611 517 663 et
533 603 642 672 ,solita
1282 670 1285 689 ,

279 707 371 784 Quae
399 707 527 792 singula
557 711 606 804 hio
631 711 753 791 prolata
780 730 873 793 quum
895 715 925 776 in
944 735 1038 814 nnqrn
1059 717 1152 798 quasi
1173 719 1344 803 imaginem
1366 726 1439 786 eoi-

197 820 299 900 ligere
320 821 478 902 malueris,
500 840 601 901 neque
613 822 823 902 Platonicum,
838 843 940 906 neque
951 825 1188 910 Pythagoreum
1202 829 1443 908 Epicureumve

196 947 297 1010 aeque
312 935 352 1015 ut
366 929 528 990 Horatium
539 929 735 992 Eoieotieum
757 939 884 1010 poetam
907 943 1048 995 nostrum
1070 935 1227 1016 invenies,
1248 937 1307 999 sod
1331 943 1441 1022 quoad

197 1049 311 1122 poetae
331 1039 449 1100 licitum
472 1046 522 1098 est
541 1037 673 1124 Stoicae
692 1037 855 1101 doetrinae
885 1051 1085 1104 sectatorem.

279 1149 316 1210 In
340 1146 409 1227 ipso
437 1145 521 1208 ouitu
549 1144 756 1208 describendo
787 1156 924 1210 metus
954 1151 1003 1212 iile
1025 1149 1163 1229 deorum,
1183 1155 1236 1235 qui
1258 1174 1356 1237 quurn
1378 1175 1440 1219 an-

197 1255 320 1337 tiquae,
342 1263 407 1315 tum
430 1254 595 1316 Romanae
615 1254 778 1338 religionis
801 1257 944 1336 proprius
965 1266 1025 1333 est,
1046 1257 1085 1320 ab
1108 1261 1176 1340 ipso
1198 1272 1366 1347 tantopere
1384 1289 1440 1331 re·
1482 1342 1483 1347 γ

196 1375 308 1448 ceptus
330 1371 396 1439 est„
415 1371 447 1424 ut
469 1371 572 1424 noetus
594 1370 627 1424 et
647 1363 757 1446 religio
777 1367 859 1425 inter
884 1382 923 1426 se
950 1375 1191 1434 commutentur.
1232 1371 1282 1433 Ita
1301 1385 1440 1439 vocatur

197 1476 303 1538 laurus
327 1473 401 1552 VH,
423 1472 482 1534 60:

198 1633 203 1642 .
277 1581 381 1644 Sarra
402 1600 531 1661 comam,
554 1579 731 1657 multaeque
751 1585 860 1640 metu
879 1588 1007 1642 aerata
1024 1601 1084 1660 per
1104 1601 1216 1650 anone.

86 1698 88 1701 ’
197 1691 376 1772 etantiqua
398 1706 568 1770 cupressus
589 1689 629 1764 11,
647 1687 717 1756 715.

196 1875 199 1882 ,
223 1822 226 1835 ¹
281 1799 489 1876 Reliqiorte
507 1804 669 1877 patrum
697 1797 813 1857 multoe
832 1803 960 1856 servato
977 1816 1037 1875 per
1057 1816 1171 1860 annos.

26 1959 36 1971 .
153 1893 157 1904 ¹
196 1910 318 1972 Horror
340 1910 482 1972 tribuitur
503 1908 644 1992 religioni
667 1907 740 1978 VH,
768 1906 844 1969 172:

278 2019 479 2082 Horrendum
499 2018 590 2080 silvia
611 2024 643 2078 et
658 2017 811 2095 reliqioue
828 2023 1006 2097 parentum.

197 2130 290 2208 vlit,
311 2125 387 2192 349:

277 2240 349 2300 Iam
370 2245 436 2300 tum
456 2238 565 2316 reliqio
583 2237 717 2314 panidos
739 2234 922 2297 terrebat
941 2240 1080 2313 oqreetr'e

277 2349 360 2408 Dira
381 2346 447 2408 loci.

197 2453 438 2534 superstitionis
462 2469 542 2515 vooe
563 2449 656 2514 modo
679 2448 718 2514 de
740 2468 774 2512 re
800 2469 886 2512 vana
914 2449 1015 2540 Vill,
1052 2447 1131 2532 187„
1162 2451 1257 2514 modo
1279 2452 1321 2514 de
1342 2454 1432 2534 gravi

197 2564 283 2646 Xil,m
295 2560 366 2624 817.
384 2563 490 2625 utitur.

768 2741 803 2832 §.
824 2745 874 2808 57.

721 2905 782 2972 De
797 2903 893 2963 1111.

279 3050 391 3129 Quum·
405 3052 573 3115 maximam
596 3050 662 3114 fere
683 3052 816 3114 Aeneae
837 3049 957 3112 italiam
976 3045 1157 3130 navigantis
1170 3063 1284 3108 munus
1302 3038 1323 3108 a
1338 3051 1430 3128 poeta

196 3158 407 3243 significetur,
442 3169 475 3222 ut
496 3163 642 3222 conderet
661 3161 770 3222 urbem
791 3163 984 3238 inferretque
1005 3158 1080 3216 deos
1099 3156 1211 3227 Latio,
1250 3173 1313 3214 uon
1334 3156 1431 3216 abso-

194 3268 267 3331 num
290 3271 347 3332 erit
368 3292 388 3334 a
409 3273 582 3353 proposito,
615 3272 798 3352 priusquam
825 3285 877 3328 res
903 3265 1031 3326 divinae
1059 3269 1276 3342 exponantur,
1310 3261 1433 3322 numina

194 3380 248 3441 itta
270 3379 387 3461 divina,
410 3399 492 3462 quae
513 3396 570 3461 per
592 3397 717 3442 carmen
740 3379 909 3459 praecipue
929 3376 1054 3456 epicuru
1076 3371 1194 3491 diffusa
1212 3379 1299 3451 sunt,
1321 3370 1429 3449 paneis

133 3503 143 3510 ’
194 3490 378 3550 enumerari
420 3477 476 3550 Ἐκ
502 3478 583 3561 Διὸς
603 3475 813 3572 ἀρχοίμεσθα

196 3609 199 3616 ’
275 3599 445 3659 Ivnurrnn.
468 3598 598 3658 Anxvn.
622 3597 690 3658 Drs
719 3591 914 3657 Seoorrrendi
936 3597 1011 3652 sunt
1033 3590 1115 3651 tales
1136 3586 1214 3662 loni,
1235 3583 1352 3667 quibus
1372 3583 1430 3644 hoe

193 3707 318 3768 nomine
340 3707 462 3770 eaelum
481 3704 639 3786 „sublime
660 3701 824 3766 oeudens“
844 3699 1025 3782 insignitur,
1049 3704 1085 3758 ut
1108 3693 1275 3777 Georg.1,
1301 3691 1380 3756 4182

400 3865 404 3896 ‚
875 3812 1018 3887 Iuppiter
1038 3810 1163 3868 aridus
1173 3807 1296 3865 austrie

273 3925 406 3997 Deerat,
428 3930 522 3984 erant
540 3942 622 4004 quae
643 3941 720 3982 rura
743 3920 843 4000 modo,
866 3924 899 3980 et
918 3936 1000 3997 quae
1020 3917 1130 3989 deora,
1152 3912 1293 3973 relaxet.

59 4087 62 4097 .
130 4107 132 4111 ,
195 4029 275 4094 Aen.
300 4031 357 4107 tx,
377 4031 455 4094 669·

743 4111 846 4186 Ortum
866 4111 967 4172 multa
985 4109 1146 4186 qrondioe
1163 4105 1264 4166 marti

209 4249 215 4278 ι
275 4221 318 4281 In
338 4222 418 4281 vada
437 4221 659 4298 praecipitant,
683 4235 754 4278 eum
776 4219 921 4294 Iuppiter
942 4216 1092 4275 horridus
1111 4213 1234 4273 aaran
1303 4265 1311 4282 ,

280 4331 417 4410 Torquet
433 4348 583 4410 aquosam
604 4329 735 4389 hiemem
755 4334 789 4388 et
807 4327 895 4389 eaelo
916 4345 994 4388 oona
1013 4322 1123 4402 matria
1142 4323 1270 4398 rumpit

189 4465 262 4529 tuot.
284 4464 361 4542 Vll,
382 4459 445 4523 60:

273 4574 418 4648 Iuppiter
438 4573 469 4628 et
489 4568 569 4628 laeto
589 4567 758 4628 descendet
775 4564 948 4644 pluruma
970 4562 1072 4622 imbri.

196 4679 318 4760 Georg.
340 4679 379 4738 tl.
401 4676 488 4776 4193

278 4788 409 4848 Et·a'um
429 4783 564 4845 maturis
584 4782 769 4842 metuendus
789 4779 933 4857 Iuppiter
953 4777 1033 4838 urie.
