3000 5184
216 193 257 258 56
355 147 359 154 Ι
453 150 456 160 ¹
569 193 572 199 ’
712 195 960 278 Delegionc.

215 374 351 457 appellat
372 382 405 438 et
424 362 599 438 sexcentos
620 375 725 439 fuiss'e
746 381 911 442 memorat.
952 376 1118 461 Attamen,
1139 377 1275 462 inquies,
1297 376 1488 463 Polybius*

216 482 373 563 legionem
396 491 581 562 quaternum
603 486 722 549 milium
743 494 819 549 ante
840 488 952 550 oculos
972 487 1091 566 habuit,
1113 487 1146 548 in
1163 488 1361 569 quamsiore
1383 489 1470 550 fne-

216 598 287 654 runt
307 591 428 671 plures,
451 599 487 652 ut
508 590 592 672 apud
614 593 773 674 principes
801 603 834 657 et
859 593 1004 656 hastatos
1030 593 1337 674 demonstraverim
1366 596 1470 658 Ver-

217 697 324 780 gilium
347 714 437 779 vero,
460 716 554 779 quum
577 705 671 762 trium
693 709 815 764 tantum
836 702 957 765 milium
978 703 1083 766 animo
1097 703 1471 785 proposuerit,·eportet

216 825 381 869 numerum
401 805 555 887 praebere
575 805 734 867 minorem.
757 806 879 869 Verum
900 808 982 870 enim
1002 826 1083 871 voro
1104 808 1188 871 banc
1206 809 1310 888 ipsam
1324 810 1466 890 opinio-

216 931 288 975 nem
312 913 431 975 rciutat
448 911 531 994 idem
552 913 707 994 Polybius
729 920 757 987 §-
781 914 831 976 10.
853 913 1058 987 adfirmando,
1081 916 1165 978 hunc
1185 934 1354 991 nnmerum
1376 935 1472 979 con-

216 1021 444 1084 stantissimum
466 1039 557 1084 esse:
578 1009 654 1084 ’Eois
675 1017 712 1084 δὲ
732 1017 867 1096 πλείους
887 1018 951 1084 τῶν
970 1017 1228 1107 τετρακιςχιλίων
1251 1008 1344 1100 ὦσιν,
1378 1012 1472 1085 aeci

217 1117 310 1213 λόγον
330 1125 498 1192 ποιοῦνται
517 1119 583 1216 τῆν·
595 1124 765 1216 διαίρεσιν,
784 1119 870 1215 aida
889 1127 954 1194 τῶν
980 1124 1151 1217 Tpeorpima·
1183 1118 1360 1204 τούτους
1394 1121 1471 1193 oiei

217 1236 318 1313 ἴσους.
346 1243 460 1326 Pergit
480 1241 644 1324 Vergilius
664 1241 707 1322 X,
732 1239 808 1304 17³:

196 1415 199 1422 ,
511 1423 513 1428 ,
817 1355 886 1413 'ast
903 1352 974 1413 Ilou
994 1355 1196 1412 trecentos

298 1463 424 1542 Insula,
445 1468 652 1529 incubaustis
673 1465 852 1544 coaptum
871 1483 1027 1543 peuerosa
1046 1463 1207 1523 mamilia·¹

219 1569 337 1650 Quaeri
359 1579 478 1653 potest,
506 1593 547 1636 an
567 1574 599 1636 hi
622 1575 718 1636 otiam
747 1573 789 1636 od
821 1579 972 1651 expertos
998 1570 1080 1633 belli-
1098 1570 1233 1633 iuvenes
1263 1571 1472 1651 pertineant

217 1677 340 1758 Quodsi
361 1684 566 1764 pertinerent,
587 1683 739 1762 nongenti
760 1678 983 1757 edicerentur,
1003 1684 1101 1759 atquo
1122 1676 1225 1738 omnis
1244 1684 1359 1738 nostra
1378 1681 1473 1738 ratio

215 1808 308 1868 vana,
331 1789 486 1854 Fortasse
508 1798 583 1853 sunt
603 1791 736 1866 velites,
767 1772 993 1871 γροσφομᾶχοι
1015 1787 1069 1847 vel
1089 1771 1330 1869 γροσφοφόροῑ,
1376 1805 1469 1866 quos

215 1898 370 1981 Polybius
390 1899 410 1958 l.
434 1899 451 1958 l.
469 1905 496 1972 §-
509 1898 539 1959 7.
559 1886 635 1970 τούς
655 1892 714 1976 μὲν
740 1881 918 1966 νεωτάτους
940 1887 996 1954 aori
1022 1877 1273 1975 πενιχροτάτους
1308 1892 1470 1972 appellat.

217 2008 382 2089 Ceterum,
405 2008 501 2070 etiem
513 2009 541 2069 si
551 2008 679 2090 singula
698 2006 780 2069 boec
800 2024 905 2067 errore
925 1999 1098 2066 credideris
1113 1999 1275 2082 obstricta,
1297 1999 1469 2064 observes

216 2127 333 2198 lamen,
355 2116 483 2197 saepius
496 2117 527 2177 in
537 2116 672 2200 legionis
684 2116 847 2178 Romanae
868 2111 1063 2175 institutione
1082 2107 1166 2191 opud
1182 2109 1308 2171 Livium
1317 2108 1422 2189 VIII,
1437 2111 1468 2172 8.

215 2243 378 2287 numerum
401 2232 612 2292 trecentorum
635 2230 667 2285 et
696 2229 922 2284 sexcentorum
944 2234 1119 2280 occurrere.
1164 2213 1352 2293 Quindecim
1377 2217 1470 2277 enlm

215 2332 378 2415 manipuli,
400 2349 496 2412 quum
519 2330 693 2413 manipulus
710 2332 843 2392 vicenos
863 2328 978 2390 milites
1000 2325 1176 2398 contineat,
1197 2329 1376 2402 trecentos,
1401 2323 1468 2384 tri-

216 2439 306 2521 ginta
328 2446 507 2522 sexoentos
524 2437 674 2502 efficiunt.
697 2439 766 2503 Fac
788 2437 897 2519 igitur,
920 2442 953 2496 et
973 2440 1112 2494 nostram
1131 2430 1242 2492 horum
1254 2448 1467 2493 numerorum

217 2548 474 2612 observationem
498 2550 612 2612 falsam
635 2567 728 2625 esse,
754 2547 868 2629 quodsi
889 2543 920 2608 id
941 2551 1071 2606 tantum
1096 2541 1295 2623 peregerim,
1321 2548 1359 2603 ut
1379 2545 1470 2605 sub-

217 2654 320 2718 tiliora
340 2657 550 2720 hiesubesse
577 2655 790 2718 intellexerint
820 2651 958 2734 Vergilii
980 2651 1135 2725 lectores,
1155 2656 1349 2730 poetamque
1377 2650 1467 2713 alios

218 2763 358 2826 sortasse
378 2765 520 2828 calculos
542 2763 734 2842 condidisse,
755 2770 1040 2846 quantumcumque
1061 2756 1102 2818 de
1124 2756 1203 2818 meis
1231 2756 1468 2821 circumcidant

218 2878 313 2952 atque
333 2880 512 2952 amputent:
534 2875 562 2935 si
583 2892 644 2933 non
666 2873 771 2935 omnia
792 2871 864 2933 mihi
886 2875 1042 2944 evertant,
1065 2874 1233 2930 contentus
1255 2883 1318 2928 ero.

303 2979 434 3057 Triplex
454 2979 552 3060 igitur
574 2983 662 3042 acies
682 2979 794 3042 inillis
817 2977 960 3042 Maronis
980 2974 1129 3038 versibus
1150 2973 1242 3035 nobis
1263 2981 1316 3034 est
1337 2991 1466 3055 propo-

220 3089 292 3168 sito.
316 3082 424 3164 Quid?
447 3085 563 3145 Nonne
585 3083 616 3146 id
638 3083 841 3147 confirmatur
863 3072 923 3164 IX,
945 3082 1003 3144 25:

303 3195 436 3272 Iamque
457 3196 557 3252 emeris
577 3196 697 3269 campis
719 3195 881 3252 accercitus
902 3193 968 3251 idat
987 3192 1116 3266 apertis,

303 3304 402 3366 Dices
424 3319 526 3381 eoum,
546 3301 632 3360 dives
649 3303 750 3379 pictai
767 3305 865 3361 vestis
887 3305 920 3360 ei
941 3302 1032 3378 auri,

303 3409 477 3486 Messapus
499 3411 567 3487 pri
573 3429 656 3470 mas
678 3413 770 3483 acies,
790 3413 998 3486 postrema
1019 3411 1173 3468 coercent

308 3503 484 3598 Ibrrbidae
505 3508 648 3596 iuoeues3
669 3517 803 3578 medio
823 3518 894 3576 dua
914 3519 1040 3593 agmine
1064 3516 1202 3576 Iberuus.

219 3643 292 3705 Nisi
313 3660 365 3706 mo
386 3642 489 3704 omnio
510 3641 631 3724 fallunt,
653 3642 706 3704 hic
728 3641 806 3704 ordo
828 3641 995 3722 olegiono
1008 3638 1155 3702 Romano
1167 3645 1218 3700 est
1238 3636 1467 3721 depromptus,

219 3752 311 3832 isque
339 3757 454 3829 poetae
482 3751 580 3810 menti
609 3746 812 3824 obuersatur,
848 3743 973 3827 quoties
1005 3748 1141 3823 primam
1164 3750 1238 3804 aute
1257 3747 1359 3803 aciem
1396 3743 1472 3808 lieri

220 3856 335 3938 aliquid
357 3855 431 3918 dicit
452 3875 483 3916 v.
493 3873 525 3938 g.
534 3855 592 3935 IX,
614 3855 684 3916 595.
703 3853 747 3936 X,
768 3853 844 3916 643.
863 3851 1026 3934 v11,531·.
1047 3853 1140 3936 VIII,
1152 3851 1222 3914 561.
1244 3849 1378 3932 'I'rIpIex
1401 3849 1466 3912 de-

220 3963 314 4045 nique
336 3963 422 4026 acies
443 3963 592 4046 distingui
613 3969 730 4042 potest,
752 3961 889 4044 legionis
902 3961 1091 4024 Aeneadum
1113 3959 1208 4024 vallis
1221 3959 1253 4020 in
1268 3958 1386 4040 oppido
1399 3975 1463 4021 suo

224 4070 377 4133 obsessae
407 4071 449 4150 X,
473 4069 544 4132 123:

244 4197 286 4285 1)
306 4203 406 4266 Asius
425 4208 619 4267 Imbrasides
640 4208 911 4286 Hicetaoniusque
935 4204 1118 4283 Thymoetes

305 4309 523 4391 Assaracique
545 4315 606 4374 duo
626 4321 658 4374 et
677 4318 783 4374 senior
802 4333 875 4374 cum
896 4312 1040 4374 Castore
1053 4312 1232 4389 Thymbria,

231 4445 234 4450 ·
306 4422 445 4484 Prima
465 4424 583 4484 acies.
625 4417 671 4504 2)
693 4421 763 4483 Hos
786 4424 933 4498 pantani
953 4417 1149 4500 Sarpedonis
1170 4416 1270 4500 ambo,

234 4511 236 4516 ’
306 4527 353 4587 Ei
373 4525 491 4587 Clarus
512 4531 545 4585 et
567 4525 716 4606 Theman,
736 4525 841 4604 Lycia
864 4531 1057 4588 comitantur
1077 4526 1117 4586 ab
1138 4526 1214 4586 aiio.

244 4628 290 4716 3)
312 4632 393 4694 Fert
410 4628 525 4708 iupeus
546 4636 608 4690 loto
629 4637 766 4694 cauimus
788 4627 1068 4712 corporeitatem,

307 4741 408 4802 Haud
425 4745 548 4817 partem
569 4741 721 4815 iniquam
741 4746 857 4802 montib
876 4731 1058 4821 Lprrresius
1078 4743 1212 4819 Aorrron,
