3000 5184
188 224 252 289 flio
635 216 697 288 lle'
717 233 809 289 arte
829 222 992 315 musica.

271 410 411 473 Hamae
430 410 605 487 emanares
624 412 803 487 ριήμιιὶιιν
820 408 942 489 praelia
963 428 1057 469 aneon.

269 517 408 580 Additur
429 526 544 579 aurato
562 520 703 579 deiectae
723 521 853 597 cuspide
878 518 1010 597 Typhon
1031 548 1072 563 —
1093 544 1134 560 -

274 627 348 687 Tale
366 628 442 686 deae
461 627 563 686 ceiam
584 624 731 686 cothurni
749 628 784 686 in
803 631 942 704 tempore
961 632 1102 703 portant.

191 735 284 815 Quae
305 734 345 797 de
366 736 458 816 poplo
478 736 613 797 Atlantis
634 736 664 797 in
688 735 929 800 Panathenaicis
950 737 1111 799 celebrato
1133 755 1187 811 res
1209 746 1297 800 este
1319 738 1442 821 serip-

189 844 308 907 toribus
329 846 601 925 monumentisque
621 843 794 906 nntissima.
825 844 875 905 De
896 843 1036 907 Palladis
1059 844 1176 928 pugnis
1208 845 1282 908 vide
1309 847 1442 909 Miiller

190 958 224 1012 et
246 948 404 1013 0esterlei
423 962 624 1013 monumenta
644 952 721 1014 artis
741 952 893 1033 antiquae
913 952 954 1034 lt,
975 952 1005 1017 2.
1026 972 1071 1017 nr.
1093 951 1165 1015 229.
1185 952 1258 1019 220.
1278 952 1355 1017 231.

758 1171 793 1262 ς.
813 1174 864 1240 se.

630 1334 690 1389 lle
707 1334 798 1386 arte
815 1331 983 1388 muntem

271 1505 384 1570 Didert
404 1505 569 1569 Romanae
589 1501 763 1569 iuventatis
783 1498 928 1562 ducatio
947 1518 968 1561 a
991 1497 1139 1563 Graecae
1166 1504 1290 1565 musica
1319 1504 1434 1585 potis-

191 1614 304 1677 simum
334 1624 403 1679 arte
429 1616 469 1677 ab
500 1614 552 1675 illa
570 1633 634 1675 non
666 1612 812 1690 exculta3
843 1610 903 1673 sed
924 1613 1036 1692 partim
1058 1632 1099 1674 ex
1122 1612 1249 1675 lltruria
1269 1613 1390 1694 partim
1414 1632 1436 1673 e

192 1724 330 1791 Graecia
352 1725 495 1806 Asiaque
517 1724 619 1786 omnia
641 1722 708 1785 iere
729 1722 1085 1786 instrumentallomam
1096 1725 1247 1805 Augusto
1269 1732 1436 1808 regnante

192 1836 406 1913 cantiniano,
433 1850 513 1914 qnae
535 1840 630 1911 poeta
651 1831 843 1893 carminibus
864 1831 954 1893 vario
976 1850 1071 1912 opere
1091 1833 1223 1895 miscuit.

274 1944 428 2005 Frsrvnn
458 1946 580 2001 metica
612 1937 708 2019 (Con.
741 1937 789 2000 10.
818 1938 961 2001 calamus
995 1941 1151 2019 palustria
1187 1940 1259 2006 Cnl.
1295 1940 1363 2015 ⁷1.)
1402 1943 1435 2002 in

192 2052 325 2133 Eulogis
346 2051 424 2111 solis
445 2067 463 2108 a
485 2056 581 2129 poeta
603 2045 777 2108 adhibetur.
800 2045 959 2128 Originem
978 2055 1085 2108 narrat
1106 2047 1149 2129 ll,
1170 2046 1229 2111 st:

275 2165 348 2224 Pon
367 2162 492 2236 omnine
512 2156 652 2217 calamos
674 2174 748 2216 cera
769 2159 960 2233 eoninnyere
977 2158 1083 2234 pluras

274 2272 428 2331 Instituit.

193 2383 251 2463 lll,
270 2382 329 2445 25:

276 2490 440 2555 Cantando
462 2486 631 2548 inillam?
672 2482 744 2549 Ant
761 2506 910 2568 nmquam
931 2490 987 2549 tili
1002 2487 1112 2567 fistulo
1133 2504 1207 2548 cera

274 2600 391 2661 lancta
408 2596 498 2677 soit?
518 2614 583 2656 non
603 2601 639 2655 ta
661 2600 696 2655 in
716 2600 826 2673 triviis,
850 2598 981 2671 inducte,
1004 2598 1135 2657 nolebas*

274 2705 431 2768 stridenti
449 2710 598 2764 miseram
618 2704 737 2780 stipala
759 2706 939 2782 disperdere
966 2703 1117 2765 carmen?

193 2816 235 2897 ll,
256 2813 316 2878 36:

274 2925 340 2985 list
356 2922 437 2982 milri
454 2923 636 3000 disparibus
656 2927 774 2998 sepiem
796 2926 955 2997 compacta
976 2922 1087 2981 cientis

272 3028 409 3102 ronta,
432 3031 604 3090 Damoetas
626 3028 706 3087 dono
726 3028 805 3087 milri
825 3048 919 3107 qaam
939 3029 1025 3089 dedit
1044 3030 1126 3091 olion.

193 3136 317 3201 Fistula
337 3137 368 3199 in
390 3138 598 3199 monumentis
618 3136 795 3218 permultis,
823 3137 876 3199 ubi
904 3138 973 3200 Pan
1007 3138 1131 3221 aliaque
1159 3138 1286 3201 numina
1308 3142 1435 3207 rustica

193 3246 321 3327 adsunt,
343 3245 512 3324 conspicua
534 3251 593 3308 est.

275 3353 372 3413 'l'rurn
395 3340 546 3412 interdum
570 3350 665 3411 ebore
687 3348 847 3430 coniecta,
871 3357 907 3413 ut
927 3349 1050 3433 Georg.
1071 3351 1114 3427 ll,
1142 3352 1214 3419 193:

273 3461 403 3539 Instooit
421 3478 491 3519 cam
508 3462 639 3535 pinquis
659 3461 758 3520 ebur
783 3458 970 3539 Tyrrhenae
991 3462 1036 3521 ud
1054 3481 1139 3522 arae.

194 3565 249 3627 nbi
269 3556 549 3640 Servinst'‚‚llbnr
571 3572 674 3625 autem
696 3564 840 3627 tibiarum
863 3564 955 3645 dicit,
988 3556 1099 3647 quibus
1134 3567 1164 3627 in
1186 3560 1294 3630 aurem
1315 3586 1432 3633 saner·

195 3670 279 3735 dotis
301 3688 417 3733 canere
440 3670 612 3731 solebantn
641 3670 764 3731 Plinius
781 3670 833 3731 ·N.
856 3669 896 3734 H.
918 3668 1010 3753 XVI,
1030 3668 1083 3732 on.
1109 3688 1165 3733 eas
1193 3692 1211 3733 e
1240 3672 1326 3736 buxo
1350 3692 1433 3737 σου·

194 3779 300 3843 iectus
319 3776 429 3841 tradite
454 3777 568 3839 »Nunc
589 3774 755 3849 sacrificae
779 3774 906 3855 [tibiae]
931 3775 1108 3838 Tuscorum
1131 3796 1149 3839 e
1175 3779 1270 3862 buxo,
1289 3780 1431 3847 ludicrae

195 3910 274 3953 vero
295 3891 361 3951 loto
381 3886 572 3966 ossibusque
593 3884 726 3947 asininis
755 3891 788 3946 et
821 3893 954 3968 argento
986 3882 1094 3947 fiunto
1125 3885 1287 3970 Vergilius
1314 3892 1430 3955 buxum

194 3998 289 4062 tibiae
311 3994 473 4077 Phrygiae
493 3991 638 4055 coneedit
654 3993 715 4072 lx,
736 3992 817 4054 618:
1179 3997 1182 4007 '

275 4103 447 4183 Dindyma,
467 4104 524 4163 aii
539 4103 684 4161 Monetae
703 4103 835 4181 biforem
855 4103 912 4163 dat
930 4104 1005 4165 tilia
1027 4102 1164 4165 cuniam.

280 4216 442 4295 lympano
462 4235 517 4276 coa
536 4214 740 4294 ineasque
760 4222 854 4277 occat
873 4218 1065 4295 Berecyntia
1084 4216 1205 4279 Matris

276 4327 403 4386 Idaeae.

116 4511 122 4516 q
195 4435 332 4498 Servius
353 4436 483 4515 biforem
504 4440 630 4495 cantum
652 4434 695 4494 ita
721 4432 876 4513 explicat:
903 4414 1050 4515 „Tibiae
1071 4440 1125 4496 aut
1148 4433 1353 4497 Serranae
1381 4426 1428 4492 di-

198 4552 323 4624 cuutur,
346 4557 523 4622 qnae-sunt
543 4560 637 4621 pares
661 4548 695 4603 et
719 4541 871 4623 aequales
885 4540 1001 4603 habeut
1019 4556 1197 4623 cavernas,
1231 4548 1287 4603 aut
1309 4538 1429 4619 Phry·

195 4655 309 4735 giae,
333 4668 414 4731 quae
434 4657 467 4711 ot
489 4650 627 4729 impares
647 4658 721 4711 sunt
743 4656 777 4711 nt
799 4649 984 4728 inaequales
1005 4647 1122 4709 trabant
1144 4663 1299 4709 cavernas
1319 4678 1360 4693 -·-
1391 4676 1429 4692 -

197 4759 241 4821 Ut
268 4758 348 4819 enim
384 4758 428 4819 ait
457 4757 580 4819 Varrot
614 4756 707 4819 'libia
736 4755 876 4839 Phrygia
903 4754 1017 4817 dextra
1047 4773 1141 4817 unum
1162 4753 1304 4817 forman
1324 4750 1427 4831 habet,
