3000 5184
464 238 664 304 lle‘ocres
687 259 733 304 ac
758 259 920 322 perone.
1277 243 1322 308 75

59 417 186 482 lsirlor.
207 419 303 500 xlx,
324 417 380 498 30,
408 419 455 493 5.)
475 421 617 502 galerum
640 422 755 502 pileum
777 442 819 485 ex
840 424 948 505 pelle
961 423 1096 503 bustiae
1116 442 1234 490 caesae
1255 426 1319 489 tle·

57 526 225 588 finiverit:
247 545 310 588 non
325 525 539 607 dubitandum,
553 529 666 610 qrrirrin
680 529 742 592 lno'e
761 531 832 610 ipso
843 530 1146 611 differentiagaleae
1164 541 1198 593 et
1217 533 1320 615 galeri

57 643 208 707 constet,
233 632 317 714 qnod
339 634 394 695 illa
415 635 616 714 potissimum
638 655 680 700 ex
702 655 789 717 aere,
812 652 958 721 argento,
988 657 1089 718 auro,
1117 638 1167 702 hic
1187 657 1206 698 e
1227 638 1319 719 pelli-

57 744 127 805 bus
150 750 203 805 est
225 744 400 805 conlectus.
442 743 485 804 llt
503 744 573 824 ipse
594 754 689 825 poeta
710 743 750 807 de
772 745 899 826 legione
921 748 1053 828 agresti,
1075 748 1189 827 quibus
1211 765 1318 828 neque

58 849 177 930 clipei,
197 865 259 910 nec
280 867 389 912 curram
409 861 533 927 sonant,
554 854 670 932 quique
693 853 818 914 omnino
838 873 901 915 non
918 854 1003 916 iusto
1019 872 1177 917 armorum
1198 873 1318 948 genere

58 967 142 1020 sunt
164 957 310 1040 praediti,
331 957 557 1034 Praenestinis,
576 959 766 1040 Anagninis,
787 960 858 1022 aliis
879 958 956 1022 dicit
975 962 1049 1038 Vll,
1068 961 1147 1024 688:

390 1069 394 1078 '
486 1065 669 1146 nouosque.
689 1068 780 1146 lupi
794 1071 844 1130 ds
862 1069 974 1147 pelle
988 1071 1156 1147 palerna

158 1175 295 1250 Teumesi
316 1173 436 1234 babent
457 1179 562 1253 capiti.

60 1285 118 1346 De
147 1285 321 1348 iunioribus
346 1285 498 1348 militibus
519 1285 672 1349 Romanis
700 1285 719 1350 i.
743 1305 772 1346 e.
795 1283 945 1348 velitibus
966 1285 1121 1366 Polybius
1142 1284 1237 1347 tradit
1257 1285 1317 1362 Vl,

61 1393 120 1470 22,
141 1391 183 1455 3:
240 1393 563 1476 Προσεπικοσμεῖται
584 1387 622 1454 δὲ
642 1386 697 1454 καὶ
712 1388 793 1473 λιτῷ
808 1386 1065 1476 replasmatum·
1084 1389 1165 1455 ποτὲ
1184 1390 1221 1456 δὲ
1236 1399 1317 1456 AY·-

61 1490 246 1586 ΚΕΙΑΝῆ
264 1523 297 1564 τι
316 1491 542 1566 emunctorium
553 1497 754 1581 ἐπιτίθεται,
772 1500 896 1588 σκέπης
916 1493 986 1584 ἅμα
999 1498 1054 1564 καὶ
1066 1499 1203 1588 σημείου
1213 1492 1318 1601 χάριν,

63 1598 123 1668 ἵνα
145 1605 219 1680 τοῖς
247 1597 329 1670 aar&
353 1603 453 1692 μέρος
472 1596 609 1693 ἡγεμόσι
627 1595 950 1694 neocaesariense
970 1602 1170 1693 ἐρρωμένως,
1184 1605 1238 1670 καὶ
1253 1597 1314 1694 μή,

65 1703 227 1799 διάδηλοι
246 1711 420 1800 γίγνωνται.
462 1720 511 1781 De
532 1720 677 1781 omnibus
698 1719 847 1781 militibus
868 1718 1029 1802 Vegetius
1050 1721 1075 1794 l,
1099 1718 1159 1782 20:
1185 1720 1315 1800 „Usque
1343 1696 1350 1718 x

60 1825 106 1888 sil
129 1835 332 1906 praesentem
361 1845 488 1909 quoque
516 1835 654 1890 aetatem
689 1823 888 1888 consuetudo
919 1826 1109 1906 permansit,
1138 1834 1173 1887 ut
1200 1843 1312 1888 omnes

61 1934 187 1996 milites
209 1934 314 2016 pileis,
340 1955 421 2019 quos
448 1937 650 2000 Pannonicos
678 1937 856 2012 vocabant,
885 1955 926 1996 ex
948 1935 1118 2016 pellibus
1140 1941 1315 2010 uterentur,

63 2041 155 2124 quod
185 2050 352 2122 propterea
377 2043 580 2126 servabatur,
613 2062 652 2104 ne
686 2044 798 2127 gravis
824 2044 920 2125 galea
944 2040 1105 2104 videretur
1134 2042 1164 2104 in
1192 2043 1313 2124 proelio

63 2151 205 2224 homini,
237 2155 291 2233 qui
319 2152 468 2234 gestabat
496 2152 615 2234 aliquid
643 2171 771 2233 semper
797 2153 828 2215 in
857 2153 992 2233 eapite.“
1048 2151 1190 2215 Ursino's'
1213 2149 1314 2230 pelles

62 2259 232 2344 signiferis
258 2259 458 2339 potissimum
487 2259 595 2321 tribuit
618 2261 665 2336 ΙΙ,
695 2259 758 2322 20:
794 2259 935 2322 „Omnes
966 2267 1072 2321 autern
1102 2241 1233 2339 signarii
1259 2257 1313 2319 vel

63 2370 223 2453 signiferi,
243 2367 388 2448 quamvis
405 2365 540 2448 pedites,
562 2368 677 2432 loricas
697 2369 835 2430 minores
855 2367 1066 2449 accipiebant,
1087 2375 1121 2430 et
1138 2369 1251 2454 galeas
1271 2369 1313 2432 ad

63 2486 220 2540 terrorem
242 2477 377 2540 hostium
400 2477 516 2540 ursinis
537 2477 674 2559 pellibus
694 2486 830 2541 saetosa

631 2705 737 2795 §.aa

460 2867 519 2922 lle
536 2879 658 2922 ocrea
676 2839 723 2921 ae
741 2878 911 2934 perone.

149 3033 203 3100 Ad
229 3043 419 3099 armaturam
441 3037 616 3100 Romanam
651 3033 859 3118 supplendam
881 3038 1041 3117 pertinent
1062 3034 1157 3118 hyda
1177 3033 1309 3099 dema-

64 3147 159 3232 gistr.
182 3148 219 3209 P.
241 3146 280 3209 lt.
296 3148 324 3223 l,
343 3145 389 3208 12.
412 3153 497 3207 teste
519 3139 750 3230 περικνημῖδές
769 3163 808 3205 τε
828 3132 971 3228 emanuel
988 3140 1147 3222 μέλαιναι,
1168 3145 1305 3226 Polybio

61 3261 125 3340 Vl,
145 3257 233 3333 23,S.
256 3248 435 3340 προκνημίς
447 3249 558 3338 χαλκῆ.
580 3255 781 3335 Quapropter
792 3254 861 3316 ltali
881 3254 966 3316 bella
987 3257 1128 3334 paraturi
1153 3251 1303 3328 Vltima

145 3363 216 3428 Aut
231 3365 309 3424 leuia
330 3383 441 3424 ocreas
462 3363 546 3422 lanto
567 3362 692 3422 ducunt
710 3367 853 3437 maenio.

63 3471 231 3556 Cyclopes
248 3471 386 3532 Vulcani
408 3472 438 3532 in
461 3489 553 3532 usum
574 3470 705 3530 Aeneae
726 3467 817 3542 Vlll,
837 3467 919 3529 624:

150 3581 229 3642 Pism
249 3577 326 3640 leuis
347 3597 458 3640 ocreas
479 3578 594 3639 electro
615 3594 755 3655 caroque
775 3581 910 3636 recocto.

60 3685 219 3750 Rusticus
241 3685 382 3750 Simulus
406 3686 520 3747 llloret.
546 3684 617 3746 121.

143 3795 255 3856 Ambs't
272 3814 372 3856 crura
392 3798 496 3856 corsis
516 3795 659 3873 paribus,

60 3900 145 3982 quod
166 3900 207 3962 de
224 3903 394 3984 peronibus
421 3905 531 3965 iocose
560 3900 639 3962 dixit
667 3908 773 3982 poeta.
823 3900 899 3964 Huc
923 3896 1133 3962 advocandus
1159 3899 1302 3975 Turnus,

61 4012 115 4090 qui
136 4009 195 4084 xl,
215 4009 295 4074 488:

145 4115 304 4176 Horrebat
322 4119 465 4196 squamis
488 4133 647 4194 surasque
666 4113 846 4175 incluserat
865 4130 956 4177 auro.

60 4225 147 4304 lapis
168 4240 293 4305 quoque
313 4225 387 4301 Xll,
406 4223 489 4288 4³0:

146 4335 208 4396 [lle
229 4335 342 4394 acidus
359 4351 488 4413 perparce
507 4353 604 4396 surus
624 4334 804 4394 incluserat
822 4353 910 4396 auro.

64 4441 188 4505 Notata
225 4458 304 4502 vero
335 4437 509 4522 digniores,
542 4458 634 4521 quarn
658 4439 689 4500 hi
719 4441 772 4521 qui
803 4439 910 4503 aureis
941 4439 1169 4522 argenteisque
1198 4437 1306 4500 ocreis

68 4569 158 4614 eruta
180 4567 334 4632 surasque
356 4556 480 4632 tegunt,
500 4549 521 4610 ii
541 4557 615 4611 sunt
634 4548 719 4611 hatii
739 4549 845 4629 populi
864 4545 940 4624 Vll,
961 4546 1046 4624 689,
1064 4551 1121 4628 qui
1160 4606 1164 4612 .

561 4657 708 4734 Vesticio
728 4657 816 4718 curlo
835 4657 966 4718 sinistri

145 4769 321 4832 Institm
338 4768 450 4847 perlis,
470 4766 590 4830 emerius
610 4769 689 4846 teuit
707 4767 812 4832 altera
828 4784 915 4846 pero.
