3000 5184
558 199 617 263 Dc
637 200 859 264 funeribus.
1258 198 1321 264 267

78 383 192 446 serrem
213 381 314 453 inlici,
339 376 392 443 uiri
422 379 562 444 cerlnver
582 380 729 444 viderent
735 424 748 464 ,
770 403 812 445 ex
833 383 944 446 Horet-
966 400 1060 450 curru.
1081 384 1114 464 1,
1135 381 1195 463 Β,
1215 382 1267 450 rs
1290 389 1324 443 ot

77 485 128 550 36.
149 491 283 568 scimus,
305 493 427 584 quicum
449 488 597 558 conferes
618 491 701 553 Aen.
723 490 789 568 Vl,
809 491 891 556 365:

556 599 682 662 Aucto
702 602 783 662 milri
803 609 919 663 terram
1018 655 1021 664 .

164 687 264 783 Inice,
286 726 423 788 nomque
441 716 542 786 poter.

77 821 141 885 His
161 820 307 882 funerum
330 819 434 882 modis
457 823 626 900 opponitur
645 819 777 879 iustus
798 835 907 879 menes
930 815 1085 880 condendi
1107 819 1196 899 ritus,
1219 822 1321 901 qurlis

78 927 256 990 cornicetur
276 947 297 989 u
318 928 397 988 Plio.
419 927 514 1007 epist.
535 923 677 1001 v11‚27.
698 923 1151 1005 etcenotaph.1³isan.1‚22:
1173 928 1324 1007 VSQVl.

76 1034 150 1096 Ac.
171 1034 278 1095 EAM.
303 1033 433 1119 cluss„
447 1032 555 1113 QVA.
577 1032 704 1096 OSSA.
718 1032 913 1099 llller'l'A.
931 1032 1098 1113 A'eru.
1112 1033 1322 1098 CONDITA.

77 1142 134 1205 lV
146 1140 358 1219 s'rAQvn.
379 1141 496 1206 nrvs.
512 1141 730 1204 MANIBVS.
745 1139 994 1204 rnRuucrA.
1010 1141 1197 1204 nsan'r.
1230 1140 1323 1220 Quae

75 1254 162 1312 iustu
184 1265 205 1311 ι
225 1259 325 1312 morte
356 1247 397 1311 url
419 1249 590 1332 exsequias
611 1267 714 1330 nsque
735 1250 834 1310 variis
857 1249 996 1310 moribus
1019 1249 1217 1314 constabunt.

159 1356 305 1419 Romano
333 1356 415 1419 enim
443 1356 570 1418 iamiam
603 1357 755 1418 morituro
776 1360 937 1436 proximos
958 1363 991 1418 et
1015 1364 1172 1436 cognatos
1207 1354 1323 1418 dentes

81 1463 251 1543 amplexus
280 1469 313 1522 ct
339 1461 452 1523 oscula
481 1460 570 1541 quusi
593 1462 728 1524 enimam
748 1481 803 1524 ore
823 1462 992 1543 excepisse
1012 1480 1105 1542 quum
1128 1462 1234 1524 multis
1253 1462 1325 1524 eliis

77 1569 202 1633 iudiciis
222 1571 362 1650 scimus,
391 1579 457 1633 tum
479 1589 521 1632 cx
549 1570 616 1635 Cic.
640 1571 731 1633 Verr.
754 1572 798 1651 V,
829 1571 878 1634 45.
905 1578 932 1646 ς.
964 1572 1037 1634 118:
1084 1569 1258 1650 „[lllotros]
1282 1571 1322 1630 ub

77 1689 221 1740 extremo
242 1678 411 1758 complexu
432 1677 563 1739 liberum
584 1678 749 1761 exclusae,
774 1699 856 1761 quae
877 1680 952 1742 nihil
975 1679 1058 1743 uliud
1079 1680 1228 1753 orabunt,
1262 1677 1334 1741 nisi

77 1796 114 1850 ut
134 1785 267 1849 fllior'um
289 1795 465 1850 extremum
489 1788 633 1868 spiritum
655 1809 722 1851 ore
751 1791 954 1870 excipere
982 1789 1042 1850 sihi
1064 1788 1201 1852 liceret«
1231 1804 1326 1870 quem

80 1896 187 1959 locum
217 1897 355 1958 Servius
374 1895 484 1958 laudet
505 1895 545 1957 erl
568 1897 631 1977 Ν,
651 1897 730 1960 683ε

646 2010 741 2086 Dolo,
763 2008 892 2068 voluero
920 2007 1057 2085 lymplrr'r

161 2115 310 2196 Acroce,
332 2121 374 2196 ct,
396 2121 560 2177 extremus
580 2118 681 2196 rr'qur'r
701 2133 799 2192 super
821 2113 942 2174 halimo
961 2120 1058 2188 errat,

165 2221 242 2284 Ore
269 2222 408 2297 loquor.

78 2327 204 2393 Deinde
225 2344 294 2388 mos
316 2335 396 2408 crat,
418 2336 453 2389 ut
472 2326 567 2389 morlo
589 2327 721 2387 mortuis
744 2328 855 2388 oculos
877 2327 1068 2390 clauderent.
1112 2330 1190 2396 Plin.
1215 2334 1259 2396 N.
1283 2335 1324 2398 H.

81 2441 141 2514 xl,
161 2437 218 2498 55.
250 2434 486 2521 „Morientibus
501 2437 646 2518 [oculos]
664 2438 785 2519 operire
803 2457 976 2520 rursusque
990 2441 1021 2500 in
1037 2459 1115 2522 rogo
1134 2429 1327 2522 patefacere,

81 2547 248 2627 Quiritium
269 2552 331 2611 ritu
348 2562 475 2608 sucrum
498 2550 564 2619 est,
593 2543 638 2605 itu
651 2528 653 2531 ⁵
668 2562 757 2605 more
779 2544 921 2626 condito,
956 2555 1114 2627 utusque
1136 2547 1175 2608 ab
1198 2547 1323 2610 homine

80 2676 264 2740 supremum
283 2678 342 2722 eos
356 2656 497 2737 spectari
517 2655 568 2718 fes
589 2654 645 2736 sit,
667 2663 701 2717 ct
721 2654 810 2715 coelo
833 2653 1172 2716 innocentioque«
1217 2654 1321 2733 Quem

81 2774 179 2849 poete
195 2766 368 2828 luculenter
389 2765 549 2846 expressit
570 2772 671 2825 matre
692 2763 822 2844 Euryali
843 2769 995 2845 querente
1013 2762 1068 2835 lX,
1093 2765 1171 2826 486:

507 2875 630 2935 Necte
652 2879 708 2932 tuo
723 2875 843 2949 sunere
866 2876 964 2930 motor
1287 2854 1291 2860 ¹

165 2986 327 3064 Produxi,
347 2986 537 3060 pressive
557 2980 711 3043 oculor.

84 3099 120 3158 ln
141 3096 214 3177 ipso
236 3104 342 3156 nutem
365 3094 474 3156 mortis
496 3100 654 3154 momento
677 3098 708 3151 ct
724 3099 798 3169 post
819 3095 951 3149 mortem
968 3086 1168 3152 conclamare
1182 3089 1328 3152 solebant
1354 3139 1357 3146 ,

81 3206 224 3281 mortuis,
245 3200 329 3265 unde
351 3201 513 3263 Anchises
536 3199 578 3275 ll,
597 3198 675 3261 644:
1208 3189 1212 3196 '

165 3313 223 3376 Sic
242 3332 261 3372 o
281 3315 329 3372 ric
349 3313 487 3387 positum
508 3310 646 3387 adfati
668 3307 820 3368 dr‘ocedr'te
840 3322 963 3383 corpur.

83 3421 216 3503 lluryuli
236 3428 337 3481 meter
358 3417 416 3494 lx,
437 3414 513 3478 683:

374 3525 442 3586 Ner
463 3529 503 3598 te,
525 3522 584 3584 cul
604 3527 695 3582 tanto
712 3519 860 3598 periculo
881 3521 1024 3594 mireum,

168 3633 323 3715 Adscrr'
341 3639 519 3692 extremum
541 3633 678 3690 miserae
697 3630 773 3688 duta
796 3631 887 3706 copia
907 3630 1010 3686 mutrr'.

83 3755 139 3819 Ad
160 3758 296 3838 priorem
317 3756 420 3818 locum
444 3753 595 3816 Servius:
632 3752 828 3833 „Praestute
849 3749 924 3813 milri
946 3768 1005 3810 vos
1028 3746 1157 3810 funebre
1179 3746 1327 3809 solatium

82 3864 105 3927 i.
123 3883 152 3925 e.
173 3861 322 3926 sdlemini
343 3882 405 3945 mc,
427 3871 464 3922 ut
486 3860 546 3923 dici
566 3861 701 3922 mortuis
721 3861 821 3922 solet:
858 3859 945 3939 sule,
967 3858 1050 3938 vele,
1074 3855 1182 3917 velo.“
1228 3856 1322 3920 0vid.

85 3971 183 4034 'l'rist
203 3973 263 4054 ΙΙΙ,
285 3969 395 4046 3,·433

167 4080 241 4144 Nec
260 4078 411 4149 mundato
431 4071 539 4140 douo?
558 4077 633 4140 Nec
654 4092 726 4138 cunr
748 4076 931 4138 clamore
951 4083 1165 4155 supremo‘
1252 4109 1277 4162 ,-

250 4187 413 4250 nubentes
434 4183 547 4246 oculos
568 4181 684 4246 condet
711 4184 817 4244 amice
839 4177 976 4244 munus?

84 4293 145 4356 8⁷:

167 4401 290 4483 Accipe
309 4419 456 4483 supremo
477 4397 596 4462 dictum
617 4397 693 4460 milri
713 4395 846 4458 forsitan
871 4417 938 4480 ore,

253 4507 358 4588 Quod,
368 4511 424 4572 tibi
444 4509 497 4591 qui
521 4508 625 4590 mittit,
649 4526 710 4570 non
732 4505 829 4568 hebet
851 4505 932 4587 ipsc,
955 4503 1037 4568 vole.

87 4647 222 4710 Metam.
246 4646 289 4724 x,
304 4645 364 4709 sce

176 4755 428 4838 Supremumque
449 4757 531 4823 vole.
