3000 5184
480 226 540 293 lie
572 229 846 295 divinatione.

8 427 9 450 ³
122 415 226 477 Mons
247 418 370 475 circuni
388 419 421 474 et
439 418 563 492 mugire
583 416 690 495 atym
712 418 836 476 cortina
856 414 1003 477 renitaris.

121 522 287 585 &inrisu
302 526 441 599 petimus
461 508 581 582 terraer
602 528 635 582 et
652 541 718 583 coa
734 524 844 605 fertrrr
864 522 908 583 ari
926 524 1015 583 aurai
1015 564 1151 585 .....

39 630 191 692 Alterum
225 630 387 692 oraculum
415 618 616 710 Apollineum
645 630 776 691 Aeneas
806 630 846 691 ab
874 630 999 691 Heleno
1026 630 1082 695 111.
1102 629 1172 695 359.
1202 630 1292 715 petit,

38 747 72 799 et
94 737 172 799 374.
193 741 320 820 accipit.
364 736 468 799 Cnins
487 735 573 817 apud
604 740 754 819 antiquos
775 722 948 819 scriptores
971 742 1162 803 mentionem
1183 745 1291 805 exsti-

35 847 124 907 tisse
146 849 243 907 testis
265 853 316 907 est
343 845 462 907 roseus
493 862 520 907 s.
542 865 574 907 v.
597 844 754 907 Romame
802 844 1021 929 »Agathocles
1052 844 1284 929 Cyeizenarum

34 973 147 1015 rerum
169 952 365 1016 conscribtor
386 955 449 1033 ait,
471 952 673 1015 vaticinio
701 952 844 1014 Heleni
875 952 1080 1033 inpulsum
1109 953 1288 1021 Aenean

36 1061 164 1121 italiam
191 1061 349 1139 petivisse
374 1068 551 1140 portantem
573 1077 665 1121 suam
686 1077 795 1139 secant
817 1068 945 1139 neptem
967 1057 1205 1137 Ascaniffliom
1227 1085 1289 1128 uo·

36 1169 126 1229 mine
159 1166 339 1230 Rhomen.“
393 1166 537 1229 'renium
570 1166 728 1229 oraculum
766 1166 965 1230 notissimum
1001 1166 1075 1231 illud
1106 1189 1125 1232 a
1168 1163 1293 1257 Sibylla
1365 1164 1368 1172 ’

38 1275 187 1338 Cumaea
216 1275 282 1354 Vi,
304 1273 333 1335 9.
364 1292 432 1357 sqq.
458 1274 602 1355 petitum,
634 1272 718 1355 quod
739 1272 879 1336 fortasse
899 1274 961 1337 iam
983 1276 1129 1339 Naevius
1151 1278 1291 1343 inlibris

38 1382 117 1445 beili
147 1384 278 1446 Poenici
306 1381 432 1456 habuit,
470 1398 564 1461 quum
586 1379 711 1461 etipse
733 1388 766 1441 et
788 1381 864 1442 Piso
886 1382 916 1441 in
937 1382 1100 1445 annalibus
1121 1384 1203 1449 haue
1237 1388 1294 1451 si·

38 1489 164 1572 byiiam
184 1491 369 1553 nominasse
391 1489 534 1553 dicuutur
559 1488 724 1569 (tractant.
746 1491 773 1569 1,
786 1491 843 1562 a).
867 1492 1121 1557 Porroiratinus
1143 1494 1289 1574 vuar:

209 1600 291 1681 'nex
312 1600 468 1659 sollicitus
488 1600 639 1657 monstris
660 1598 793 1659 oracula
813 1596 932 1673 Fauni,

125 1710 271 1773 Fatidici
287 1714 453 1792 pandoria,
477 1712 546 1769 adit
565 1708 713 1787 lucosque
732 1708 791 1770 aab
812 1708 879 1768 alta

131 1820 282 1882 Consulit
300 1817 427 1879 Albane
472 1850 513 1861 -
533 1849 575 1861 -

126 1928 215 1988 Hinc
237 1929 339 1988 [tntae
356 1935 469 2004 pentes
489 1913 655 2005 omnisque
676 1924 825 1986 Oenotria
847 1924 944 1985 tellus

131 2038 175 2097 Ira
196 2037 298 2096 derbiis
321 2053 477 2118 responsa
496 2038 619 2113 petunt,
642 2032 706 2093 bue
728 2011 811 2093 dona
831 2033 981 2093 sacerdos

133 2144 215 2205 cum
237 2142 313 2202 tulit
332 2148 550 2201 strumarum
571 2143 674 2201 ovium
696 2143 755 2202 sub
776 2148 866 2202 noete
885 2144 995 2205 silenti

131 2252 278 2314 Pellibus
300 2251 448 2310 incubuit
466 2254 578 2309 stratis
600 2269 789 2326 somnosque
807 2252 925 2326 petiuit,

128 2359 238 2420 Multa
259 2360 359 2418 modis
380 2356 556 2417 simulacra
577 2356 661 2415 uidet
683 2358 844 2416 volitantia
865 2360 963 2433 miris,

127 2468 176 2527 Et
198 2467 307 2526 ourins'
327 2468 419 2526 audit
437 2485 527 2525 noem
545 2467 729 2545 fruiturque
751 2467 879 2525 deorum

128 2573 302 2653 Conlopnio
322 2576 424 2652 adque
443 2578 515 2634 imis
536 2570 719 2633 Acheronta
743 2576 874 2653 adfatur
892 2574 1044 2636 Auernis.

44 2680 141 2743 Hunc
162 2677 331 2741 incubandi
361 2679 454 2740 ritum
477 2699 539 2740 nou
561 2679 662 2739 solum
686 2679 725 2741 de
748 2677 884 2743 Graecis
905 2681 1040 2762 probare
1061 2680 1168 2759 possis
1190 2679 1291 2745 Cice-

47 2808 125 2851 rone
149 2788 246 2849 divin.
269 2784 359 2868 124³:
380 2788 514 2867 „Atque
537 2786 643 2863 etiam,
666 2790 719 2867 qui
745 2797 914 2867 praeerant
934 2788 1213 2866 Lacedaemoniis,
1233 2810 1297 2853 nou

45 2897 189 2957 contenti
211 2894 416 2977 vigilantibus
439 2894 523 2955 curis
536 2937 546 2974 ,
576 2897 609 2958 iu
633 2893 813 2973 Pasiphaae
835 2894 928 2972 iano,
964 2896 1048 2979 quod
1070 2904 1121 2957 est
1154 2897 1185 2962 iu
1216 2917 1294 2981 agro

45 3013 177 3085 propter
200 3003 322 3074 urbem,
344 3000 522 3063 somniandi
544 3019 641 3063 causa
661 3000 859 3079 incubabant,
883 3007 958 3086 quia
978 3021 1057 3065 vera
1076 3005 1191 3087 quietis
1214 3024 1290 3069 ora-

46 3112 119 3173 cula
142 3108 330 3170 ducebant«
373 3106 433 3168 sed
464 3106 504 3169 de
533 3108 684 3171 Romanis
705 3127 844 3192 quoque,
880 3130 973 3191 quum
993 3112 1023 3173 in
1047 3112 1203 3193 Capitolio
1224 3115 1292 3179 fieri

47 3220 89 3279 sit
110 3216 250 3279 solitum.
295 3214 450 3278 Servius:
474 3215 654 3296 „Incubare
677 3216 820 3279 dicuutur
841 3220 964 3299 proprie
992 3217 1033 3294 hi,
1057 3220 1109 3300 qui
1138 3219 1295 3285 dormiunt

47 3328 86 3389 ad
110 3324 298 3407 accipiendo
320 3342 486 3405 responsa.
527 3324 619 3388 Unde
646 3333 695 3386 est
731 3326 1195 3407 (Ptaut.‘crne.11‚t,tn.):
1238 3331 1295 3393 ille
1341 3382 1352 3393 ,,

47 3435 176 3496 incubat
196 3435 267 3493 lovi
289 3435 308 3492 i.
329 3452 356 3491 e.
380 3430 492 3492 dormit
514 3432 545 3492 iu
566 3432 741 3513 Capitolio,
766 3440 798 3494 ut
821 3452 973 3514 responsa
992 3436 1095 3515 possit
1113 3435 1293 3518 accipere.“

48 3541 184 3603 Paullus
203 3558 247 3599 ex
266 3538 388 3600 Festo:
422 3531 578 3619 „Cubans
600 3539 791 3617 auspicatur,
816 3538 867 3617 qui
890 3538 921 3599 in
943 3540 1025 3601 lecto
1048 3544 1171 3620 quaerit
1191 3564 1297 3627 augu-

49 3642 169 3712 rium.“
217 3646 379 3725 Vergilius
407 3662 468 3705 non
504 3643 611 3705 dubito
643 3646 717 3727 quin
748 3645 799 3706 illa
821 3644 860 3705 de
894 3646 948 3708 tali
972 3646 1073 3707 Fauni
1106 3649 1233 3710 oraculo
1255 3670 1297 3711 ex

50 3755 198 3815 Varrone
218 3754 324 3814 aliove
346 3749 450 3814 rerum
471 3752 668 3836 antiquarum
691 3751 880 3833 indagatore
901 3746 1051 3814 hauserit.
1095 3753 1188 3832 Quod
1210 3760 1295 3833 enirn

48 3863 152 3922 lucum
178 3862 231 3921 vel
251 3861 369 3921 silvam
392 3862 443 3923 82.
466 3871 498 3921 et
518 3862 589 3942 95„
622 3882 685 3923 nou
704 3862 815 3941 templi
835 3862 933 3943 adyta
956 3861 1075 3922 oraculi
1097 3864 1200 3925 locum
1222 3874 1295 3928 sta·
1392 3930 1395 3941 ⁸

52 3970 128 4045 tuit,
150 3969 308 4029 consentit
327 3988 401 4050 curn
419 3967 565 4029 Varrone
585 3969 624 4033 ir.
646 3969 684 4028 ir.
705 3969 779 4030 Vll.
802 3974 828 4041 s.
852 3967 909 4030 36:
934 3968 1063 4048 ‚nonni
1087 3968 1138 4031 dei
1159 3970 1295 4051 batino7

50 4094 138 4154 rum,
171 4078 215 4138 ita
244 4090 278 4137 ut
306 4077 439 4139 Faunus
469 4086 502 4137 et
528 4074 638 4138 Fauna
666 4078 718 4137 sit
761 4078 833 4137 Hos
865 4078 1032 4158 versibus,
1071 4093 1151 4160 qnos
1178 4088 1296 4145 vocant
1343 4080 1346 4087 ’

52 4185 234 4261 Saturnios,
257 4185 294 4245 iu
314 4182 591 4245 silvestribus
613 4177 716 4245 loo'is
735 4183 882 4247 traditum
905 4195 955 4249 cst
976 4184 1090 4248 solitos
1107 4184 1169 4249 fari
1182 4188 1297 4267 futura,
1415 4202 1425 4219 ‘

50 4308 71 4351 a
91 4309 157 4373 qno
178 4289 275 4351 tando
298 4290 428 4352 lt'auuos
448 4287 584 4351 dictos.“
