3000 5184
76 213 136 276 Do
160 209 272 274 binis
291 205 526 292 hastilibus,
546 207 658 290 pilis,
681 198 928 284 missilibus,
950 207 1130 288 spiculis
1153 215 1215 273 cst.
1241 207 1285 277 ifl

112 397 285 472 Inpositam
306 392 441 456 Aenean
460 392 564 464 ducit,
587 393 761 470 stratisque
780 390 895 452 lemnii

118 502 282 582 Effultum
299 500 389 580 foliis
411 506 443 559 et
459 499 544 578 pelle
564 497 739 576 Lotyottun
760 517 867 558 ursae.

35 613 91 674 sed
115 615 192 691 ipse
214 609 311 688 viii,
335 607 414 670 460:

116 722 273 780 Demissa
296 717 334 776 ab
355 715 446 775 loeva
466 711 642 789 pantherae
664 717 754 788 torpa
775 718 973 792 retorquens.

33 826 211 908 dequibus
234 825 347 906 postea
368 819 484 904 aliquid
506 824 566 881 crit
587 819 778 884 addendum.
821 823 962 884 Acestes
985 820 1035 898 V,
1055 818 1106 882 37.
1129 828 1280 886 vocatur:

115 935 282 997 Horridus
303 937 338 992 in
359 932 476 992 iaculis
503 936 536 990 et
553 930 638 1007 pelle
658 929 835 1010 Libystidis
856 951 963 992 arsat.

36 1048 84 1108 lta
101 1045 263 1109 Romulus
285 1044 318 1125 1,
341 1041 412 1106 sis.
436 1046 487 1104 est

288 1151 429 1228 Lupus
446 1148 537 1231 fulvo
558 1152 694 1211 nutricis
716 1153 891 1226 tegmine
911 1148 1025 1212 laetas.

35 1259 185 1341 lienique
206 1259 272 1339 Xl,
293 1254 370 1318 675:

498 1361 622 1422 Procul
641 1359 786 1440 Ornytos
807 1364 907 1422 armis

116 1477 248 1554 Lamotis
269 1479 302 1532 et
320 1490 399 1550 epau
420 1475 593 1530 senator
612 1470 735 1548 Iupyps
752 1473 873 1552 feriar,

120 1584 187 1646 csta·
204 1579 328 1659 pollis
349 1579 432 1638 lotos
453 1597 580 1638 umeros
600 1584 711 1656 erepto
730 1581 905 1638 iuuenco

118 1695 306 1770 Pupnotori
326 1693 437 1768 operit,
460 1695 557 1766 capnt
575 1693 690 1766 iupeas
711 1692 795 1749 oris
816 1689 963 1750 hiatus

118 1800 175 1861 let
204 1801 334 1860 malae
357 1807 469 1862 iecore
490 1797 580 1876 lupi
599 1817 672 1858 cum
695 1798 843 1858 dentibus
863 1796 955 1858 ultis.

41 1905 142 1986 Quem
164 1907 194 1968 si
215 1908 269 1970 tibi
293 1907 509 1988 proposueris,
531 1905 605 1986 pelli
624 1904 750 1964 iuvenci
772 1902 898 1985 lupique
916 1902 1057 1966 indutum
1079 1902 1189 1967 miram
1203 1920 1283 1967 saue

40 2015 94 2077 ieri
138 2014 306 2076 venatoris
338 2011 503 2094 imaginem
531 2010 635 2072 animo
667 2011 838 2090 concipies.
894 2009 1046 2074 Ceterum
1074 2011 1105 2074 iu
1132 2013 1286 2094 lapidibus

42 2122 134 2183 eiiam
169 2119 257 2182 obvii
294 2117 449 2180 interdum
482 2117 596 2179 milites
618 2117 752 2198 pellibus
786 2118 902 2198 ornati,
935 2137 967 2179 v.
999 2138 1032 2202 g.
1061 2118 1093 2179 in
1125 2120 1288 2182 Bonnensi

44 2223 270 2290 PINTAIVS.
282 2225 487 2318 semmei.
506 2227 543 2288 li,
561 2225 723 2290 AS'i'VR.
735 2223 1148 2290 TRANSMON'I'ANVS
1169 2227 1287 2288 inlibro

45 2353 111 2396 meo
132 2335 347 2398 Ccntralmns.
369 2333 476 2396 rhciul.
498 2333 686 2396 luschriitcn
710 2334 749 2410 ll,
770 2333 820 2394 c.
842 2333 988 2413 depictus
1009 2341 1071 2414 cst,
1097 2342 1206 2399 statua
1225 2334 1289 2396 alia

46 2439 199 2504 Coloniae
228 2449 339 2523 eruin,
378 2441 468 2502 cuins
501 2437 640 2520 effigiem
674 2439 704 2500 in
734 2439 897 2501 curialibus
928 2439 1092 2501 societatis
1112 2440 1287 2503 Rhenanae
1366 2443 1372 2452 '

49 2549 244 2628 antiquitatis
266 2552 435 2612 amicorum
458 2547 531 2609 Vol.
554 2548 624 2608 llll.
649 2546 898 2607 communicabo.
927 2546 1078 2608 Attamen
1100 2567 1287 2610 monumen-

45 2667 105 2719 tum
125 2657 204 2720 illud
224 2659 274 2718 IN
295 2654 556 2722 MEMORIAM·
574 2651 721 2714 DRVSl.
734 2649 1002 2714 Gsnmnnici.
1017 2651 1100 2732 apud
1111 2653 1284 2715 Fnchsium

47 2765 162 2829 ilistor.
185 2767 330 2848 Magoni.
353 2762 425 2825 Vol.
447 2762 471 2823 1.
493 2782 523 2844 p.
545 2760 596 2823 70.
621 2759 811 2821 delineatum
841 2760 1010 2839 genuinum
1032 2780 1095 2821 nun
1126 2779 1202 2822 esse
1228 2780 1285 2823 ar-

48 2871 150 2936 bitror.
193 2876 230 2938 In
259 2853 408 2936 columna*
435 2871 572 2933 'l'rniana
600 2866 745 2950 signiferi
773 2885 884 2928 omues
917 2867 1049 2947 pellibus
1078 2878 1153 2932 suut
1183 2871 1288 2952 capite

51 2979 154 3047 induti.
198 2978 423 3044 Memorandns
446 2981 540 3040 eiiam
564 2979 704 3040 Simulus
727 2978 791 3058 ille,
813 2978 867 3060 qni
890 2979 1003 3038 lieret.
1023 2977 1080 3042 ai:

126 3093 269 3154 Lmnina
286 3094 352 3172 fido
373 3091 469 3168 huot,
488 3096 632 3166 pominus
653 3093 720 3148 tum
741 3093 827 3147 ueste
846 3087 983 3146 lacertos

98 3200 268 3272 ,Liberat
292 3205 331 3273 st,
355 3203 481 3259 cinctus
502 3197 632 3257 villosos
657 3197 793 3272 teprnine
813 3213 930 3272 caprae
951 3235 1085 3254 .....

614 3449 648 3540 ς.
669 3453 721 3518 ss.

53 3608 104 3664 lie
121 3610 234 3666 bimis
251 3607 485 3676 hastilibus,
503 3607 614 3676 pilis,
632 3607 874 3677 missilibus,
892 3610 1067 3682 spiculis
1084 3626 1133 3668 as
1154 3612 1290 3680 nesi·

492 3699 626 3767 sieque
644 3700 837 3768 septenis.

127 3873 235 3952 Quum
264 3874 297 3934 in
325 3868 523 3933 Graecorum
554 3871 644 3930 vasis
666 3872 761 3950 pictis
783 3872 899 3934 totiens
922 3872 1157 3954 conspiciantur
1175 3873 1291 3938 heroes

55 3973 127 4042 binis
155 3970 316 4052 ἀκοντίοις
341 3980 472 4060 armati,
505 3980 663 4059 suspicari
693 3983 765 4061 quis
794 3985 914 4061 possit,
946 3989 1072 4061 poetam
1100 3980 1292 4061 Romanum,

57 4095 195 4166 quotiens
218 4091 299 4153 binis
318 4088 485 4152 hastilibus
513 4088 567 4147 vel
597 4088 726 4167 spiculis
756 4089 883 4151 militem
913 4089 1100 4170 armaverit,
1131 4085 1291 4154 Graecum

56 4213 166 4262 morem
187 4198 388 4278 respexisse,
423 4193 609 4276 pracsertim
627 4193 655 4254 si
676 4193 759 4274 apud
782 4214 891 4258 corum
913 4214 1038 4276 quoqne
1057 4207 1169 4277 poetas
1188 4198 1291 4262 bella·

58 4311 134 4368 tures
156 4297 307 4383 αἰχμαῖσι
332 4289 518 4380 διδύμαισιν
545 4301 677 4363 vonisse
703 4301 828 4364 audias.
880 4304 1002 4365 Verum
1032 4305 1179 4368 cautione
1208 4323 1290 4386 opus

58 4419 108 4474 est.
149 4413 230 4476 Illud
250 4411 399 4494 profecto
420 4412 653 4474 meminerimus
681 4411 785 4491 patria
806 4430 933 4490 semper
963 4412 1106 4476 instituta
1140 4413 1291 4474 maiorem

59 4511 85 4574 in
104 4527 218 4598 poetae
238 4517 375 4579 animum
391 4519 456 4577 vim
474 4534 638 4596 exercere,
662 4535 756 4598 quam
779 4536 849 4598 eas,
867 4535 948 4599 quas
964 4517 1101 4582 lectione
1116 4521 1188 4582 sols
1201 4530 1289 4581 ortas

61 4627 140 4702 quusi
163 4625 320 4707 quasdam
341 4625 502 4706 imagines*
519 4626 691 4688 nebulosas
713 4643 730 4688 e
757 4628 849 4708 poesi
879 4635 1013 4692 externa
1043 4628 1177 4692 hauriet.
1213 4629 1291 4691 Fu-

64 4749 137 4812 goue
157 4735 200 4798 sd
221 4732 368 4799 Graecos
388 4732 565 4795 referamus
585 4735 613 4816 1,
633 4733 712 4797 312:
