3000 5184
201 222 262 288 151
730 223 894 292 De'diiat

197 405 375 490 1,115115--
396 437 434 452 -
455 404 496 468 sb
516 405 597 470 11515
627 409 735 488 reget‘
779 409 876 472 Serv.
906 407 988 470 Aen.
1011 409 1040 490 1,
1059 337 1096 473 d:
1122 410 1251 494 „luins
1272 410 1355 473 enim
1378 425 1440 470 rex
1484 372 1485 423 3

198 514 378 578 Siculorum
398 511 560 594 proiectus
581 512 622 575 dc
643 513 751 578 Sicilie
772 517 861 578 venit
880 514 921 578 cd
941 515 1029 591 ioca,
1058 535 1142 600 quse
1170 527 1245 585 sunt
1263 519 1356 580 iuxta
1377 518 1441 578 'l'i-

195 621 300 689 bcrim,
316 629 348 684 51
369 639 411 682 ex
434 621 559 684 nornine
579 639 639 683 suo
659 621 835 704 appellavit
855 623 1006 688 ttdnmf‘
1039 625 1125 688 idom
1146 626 1180 701 1,
1198 625 1277 690 iffi:
1311 625 1443 708 „italus

196 747 255 794 rex
277 728 410 792 sienne
431 726 471 788 ad
493 739 706 810 campartem
726 731 834 810 venit,
864 733 895 792 15
920 751 984 813 uris
1005 734 1153 814 regnarit
1170 735 1313 807 Turnus,
1343 749 1443 812 quanm

196 857 218 902 a
238 857 298 902 suo
319 837 443 898 nomine
464 836 634 918 appellarit
654 835 805 898 italismt‘
828 836 880 898 Ab
892 837 1132 902 hucerensibus
1144 839 1300 920 tinxerunt
1308 838 1443 900 Ardeae

196 948 875 1034 [5355555555](Ρ551155551155151.
914 951 1037 1014 Eadem
1056 953 1177 1015 ratione
1207 948 1325 1032 populo
1357 947 1443 1009 Sa-

197 1060 376 1123 binorum
399 1068 519 1138 patrem
542 1055 858 1139 quendamSnbum
880 1060 1109 1139 praefecerunt.
1130 1061 1248 1124 Servio
1268 1058 1353 1119 enirn
1368 1057 1444 1118 De·

197 1166 289 1230 uictis
310 1164 391 1227 Aen
412 1165 503 1244 vul,
524 1163 597 1226 638.
619 1171 719 1226 teste:
745 1165 916 1246 „Hyginus
936 1167 982 1230 rit
1002 1166 1043 1230 de
1064 1168 1185 1252 origine
1205 1167 1329 1230 urbium
1351 1161 1444 1224 itati-
1484 1162 1485 1169 ’

198 1294 317 1352 corum,
337 1294 356 1337 a
379 1270 476 1348 Sabo,
497 1274 550 1352 qui
571 1269 612 1332 de
632 1269 766 1332 Perside
787 1270 1062 1335 trscedaemonios
1082 1274 1240 1336 transiens
1257 1271 1299 1334 od
1315 1270 1443 1332 italiam

198 1385 286 1446 venit
307 1393 339 1444 et
351 1379 494 1460 expulsis
505 1377 623 1448 Siculis
643 1378 745 1438 tenuit
765 1376 846 1447 locs,
868 1379 1205 1459 quaeSabiutbabent
1225 1411 1267 1424 -
1290 1408 1333 1422 -
1358 1376 1444 1439 Cato

198 1499 306 1555 sutem
326 1499 360 1552 et
383 1486 506 1551 Gellius
528 1504 549 1547 a
571 1485 658 1546 Sabo
686 1483 943 1548 Lacedaemonio
972 1487 1097 1550 trabere
1125 1504 1182 1548 eos
1210 1485 1367 1565 originem
1389 1503 1444 1544 re-
1484 1556 1485 1563 ἵ

198 1599 331 1662 terunt.“
352 1598 464 1660 ’151551
484 1594 710 1676 etymologiam
732 1602 879 1656 secutus
908 1595 1072 1676 Vergilius
1109 1595 1160 1656 vet
1183 1613 1202 1654 e
1223 1611 1295 1669 suo,
1322 1591 1444 1652 velex
1484 1598 1485 1603 ’

198 1709 327 1770 aliorum
348 1707 566 1768 historicorum
580 1704 706 1784 ingenio
719 1721 829 1784 regern
841 1705 977 1786 aliquem
997 1698 1118 1767 Sabin
1130 1723 1188 1764 um
1209 1705 1346 1781 eiusque
1360 1700 1444 1758 ima·
1484 1774 1485 1783 ἵ

198 1820 304 1896 ginem
319 1813 350 1874 in
358 1813 427 1876 Pici
449 1813 538 1893 regia
559 1809 707 1874 condidit.
750 1809 803 1872 Ct.
818 1809 928 1872 isidor.
952 1813 1013 1888 tx,
1035 1811 1070 1892 ²,
1090 1809 1150 1874 85:
1171 1807 1332 1890 „italus
1355 1825 1441 1886 quo·

199 1939 262 2002 que
283 1928 316 1980 et
341 1919 519 1982 Sabinus
546 1927 579 1980 et
606 1919 787 1980 Sicanus
807 1921 922 1980 tratres
943 1919 1087 1995 fuerunt,
1115 1939 1157 1980 ex
1181 1916 1296 1998 quibus
1318 1915 1445 1976 nomina
1484 1914 1485 1995 i

197 2025 321 2108 populis
348 2029 498 2105 imposita
526 2033 559 2086 et
588 2025 767 2106 regionibus
794 2035 876 2094 suut.
924 2028 1010 2089 Nam
1032 2026 1073 2088 ab
1102 2026 1182 2088 italo
1205 2023 1294 2104 1511,
1324 2039 1346 2084 s
1377 2023 1444 2084 Sa·

201 2133 275 2194 bino
300 2133 432 2212 Sabini,
463 2133 622 2196 5815555
649 2134 757 2196 Sicani
777 2136 991 2216 cognominati
1011 2136 1119 2196 sunt.“
1149 2133 1279 2214 insigne
1300 2131 1331 2190 ei
1353 2130 1445 2190 falcis

201 2239 309 2304 tribuit
330 2247 435 2321 poeta,
449 2259 509 2302 non
522 2248 648 2320 propter
671 2241 910 2321 agriculturam,
931 2250 964 2304 ut
985 2243 1124 2304 Saturno
1142 2239 1333 2320 (Augustin.
1351 2237 1438 2299 CJ).
1484 2242 1485 2309 t

199 2344 278 2425 VH,
302 2344 486 2426 19.),qoem
508 2363 527 2405 a
548 2346 721 2408 sationibus
746 2345 875 2427 quidam
888 2346 1083 2423 derivarunt,
1103 2347 1163 2409 sed
1186 2355 1314 2427 propter
1336 2344 1443 2404 vitium

200 2469 327 2532 curam,
347 2471 448 2534 neque
462 2453 601 2516 Sabinus
613 2453 727 2516 falcem
743 2473 837 2516 mauu
859 2463 957 2531 tenet,
978 2465 1011 2517 ut
1024 2455 1194 2536 Saturnus,
1211 2451 1345 2514 sedsub
1363 2454 1445 2510 ima·

200 2561 275 2645 gine
297 2579 483 2660 enpressam
505 2559 610 2638 bobet,
632 2580 694 2642 qua
716 2561 827 2623 555515
848 2562 930 2642 qnod
950 2549 1063 2638 ξόανον
1087 2562 1251 2645 Vergilius
1273 2563 1444 2642 spectavit

289 2699 335 2765 17.
377 2700 480 2791 15555
499 2705 603 2779 parer,
625 2699 749 2778 bifrons
770 2699 961 2777 appeltatnr,
981 2703 1090 2760 custos
1110 2698 1218 2775 templi
1238 2697 1347 2760 Martii
1365 2695 1442 2775 vu,

203 2794 289 2886 utu,
312 2807 483 2869 Ianiculum
507 2806 647 2869 condidit
668 2807 848 2882 151358.

293 2915 338 2976 18.
382 2917 483 2982 Prcvs
516 2915 596 2976 filius
624 2915 754 2976 Saturni
783 2916 861 2988 VH,
884 2915 934 2976 18.
983 2913 1253 2992 Quemadmodum
1283 2914 1354 2979 lteii
1375 2913 1443 2994 regi

204 3022 296 3100 11515,
320 3021 428 3084 Sabini
448 3021 517 3104 regi
539 3020 626 3084 Sabo
647 3023 701 3083 vol
724 3023 856 3103 Sabino,
877 3023 922 3084 ita
943 3023 1093 3084 Picentes
1114 3023 1181 3102 regi
1198 3024 1274 3084 Pico
1292 3022 1443 3103 originem

194 3127 336 3190 ‘dedisse
364 3128 528 3210 videntur,
560 3128 649 3190 cuins
671 3131 716 3190 rei
739 3130 878 3213 vestigia
899 3147 962 3191 non
982 3140 1162 3209 supersunt.
1193 3128 1446 3191 ‚coniunxerunt

134 3235 139 3244 '
207 3236 290 3298 enim
309 3253 419 3316 regem
435 3234 521 3296 illum
539 3253 610 3298 cunr
629 3235 682 3298 cvi
694 3236 778 3316 pico,
797 3239 831 3298 in
843 3255 937 3318 quam
949 3238 1074 3300 aGirce
1091 3236 1273 3300 adamatum
1295 3247 1444 3300 mutatum

198 3362 280 3422 esse
302 3343 414 3408 ferunt.
459 3344 630 3424 imaginem
651 3343 801 3408 describit
824 3347 984 3429 Vergilius
1005 3347 1082 3428 Vss,
1106 3346 1180 3410 187:

289 3453 365 3528 lpse
386 3448 548 3524 Quirinali
567 3451 643 3512 lituo
662 3470 825 3530 parcoque
844 3455 971 3512 sedebat
1124 3448 1125 3455 '

286 3557 481 3620 Succinctus
502 3559 611 3618 trabea
633 3559 785 3638 15555555
804 3562 909 3622 ancile
928 3565 1060 3638 terebat

290 3669 392 3728 Picus
414 3687 504 3728 ecum
524 3670 665 3739 donritor,
690 3689 781 3748 quern
804 3677 897 3747 capta
918 3674 1064 3749 cupidine
1086 3677 1229 3732 omrinnn·

285 3775 396 3838 Arrren
416 3795 605 3853 percussum
626 3781 715 3852 oiryn
737 3797 924 3858 versumque
944 3783 1072 3838 venenis

176 3934 181 3940 .
239 3864 250 3879 ,
290 3882 384 3943 Fecit
400 3903 489 3944 cosm
512 3883 615 3964 circe,
636 3888 817 3965 sparsitque
837 3887 994 3948 coloribus
1014 3889 1094 3959 otus.

208 3991 361 4054 Servius:
386 3992 477 4052 51155
500 3998 605 4054 autem
627 3991 698 4054 ideo
721 3991 862 4077 fingitur,
885 4000 959 4078 quia
981 4017 1083 4082 augur
1097 3999 1169 4081 init,
1190 3981 1224 4062 et
1238 3999 1324 4062 domi
1341 3999 1444 4064 babuit

207 4098 323 4178 picum,
346 4093 401 4188 per
423 4118 516 4180 quem
540 4099 645 4160 futuru
669 4104 839 4181 noscebat,
874 4104 956 4185 qrrod
988 4105 1188 4186 pontificales
1215 4107 1354 4170 indicant
1373 4110 1443 4171 iibri.

206 4209 295 4270 Bene
316 4216 421 4268 antem
442 4225 538 4290 supra
560 4208 633 4270 huic
655 4208 762 4270 lituum
784 4209 887 4290 dedit,
910 4211 995 4293 quod
1016 4223 1067 4275 est
1094 4234 1250 4298 augurum
1279 4222 1442 4298 proprium

205 4319 291 4382 Nom
314 4316 414 4379 ancile
435 4326 467 4380 et
490 4319 598 4382 trabea
620 4323 796 4382 communis
818 4331 892 4382 sunt
914 4337 988 4382 curu
1011 4323 1093 4410 Diali
1117 4322 1170 4382 vel
1183 4323 1324 4385 Martiali
1338 4342 1443 4390 sacer·

208 4421 319 4492 dote.“
359 4423 468 4488 lsidor.
491 4431 568 4510 orig.
591 4427 666 4508 xu,
687 4428 723 4503 7,
745 4428 805 4491 472
849 4428 972 4509 „Picus
992 4449 1013 4491 a
1035 4431 1110 4492 Pico
1132 4433 1282 4496 Saturnio
1302 4431 1368 4496 fitio
1388 4453 1443 4496 no·

107 4597 110 4603 .
208 4558 280 4602 men
301 4535 453 4617 sumpsit,
474 4557 513 4600 eo
536 4539 621 4618 quod
642 4556 681 4602 eo
704 4539 734 4598 15
755 4538 905 4619 auspiciis
928 4539 1083 4601 utebatur.
1124 4541 1209 4602 Nem
1232 4541 1342 4602 ferunt
1369 4541 1443 4602 1555

210 4665 303 4710 nvem
329 4641 477 4724 quiddam
498 4643 615 4710 habere
636 4645 800 4708 divinum.
821 4689 829 4706 .
850 4689 860 4707 .
881 4641 915 4708 .“
958 4648 1027 4711 Sed
1048 4649 1182 4712 uentus:
1203 4649 1343 4728 „Picum
1357 4669 1443 4712 aven

211 4750 337 4836 quidam
359 4749 479 4815 dictum
501 4758 611 4831 putant
631 4771 650 4816 a
673 4753 750 4818 Pico
772 4772 850 4840 rege
866 4758 1084 4842 Aboriginum,
1106 4758 1316 4840 qnodsolitus
1325 4755 1443 4823 sit...“
