3000 5184
475 209 530 272 lle
549 193 645 274 letti
672 207 909 276 indictione.
1064 241 1065 245 ¹
1267 209 1309 278 48

60 391 287 472 triumphante.
334 391 424 470 Quos
452 399 604 474 utrasque
632 391 760 456 tabulas
787 390 883 455 dirus
915 351 1084 474 Aupustas
1108 391 1146 457 iu
1170 390 1231 457 lori
1250 392 1318 458 sui-

59 500 208 580 ptrtibus
229 499 445 570 celeberrimis
465 498 629 572 &cavom
649 499 849 580 simplicitate
875 497 1074 577 uodemu.“
1126 499 1230 580 Qum
1251 509 1313 594 ta-

62 609 169 673 hulam
191 607 262 672 veri
282 617 334 672 est
356 607 459 672 simile
479 614 605 688 poetam
627 616 770 672 nostrum
791 611 1011 689 conspexisse.
1088 682 1091 686 ,
1119 656 1131 683 ,

639 849 672 940 §.
698 857 749 918 21.

471 1017 529 1068 lie
548 1015 648 1074 uelli
666 1013 905 1076 indictione.

142 1185 254 1246 Numa
276 1191 360 1245 teste
381 1183 477 1245 [rivio
499 1186 523 1258 1,
546 1182 610 1264 ss,
633 1203 672 1244 ne
697 1193 910 1265 „gererentur
926 1183 1039 1258 solum,
1061 1183 1122 1246 sed
1139 1183 1236 1250 atlon
1256 1187 1308 1246 in·

63 1293 246 1376 dicerentur
267 1291 348 1354 bella
370 1293 476 1374 aliquo
499 1293 575 1373 ritu,
606 1279 662 1384 ius·
686 1291 880 1373 abantiquo
910 1299 1009 1372 gente
1036 1290 1306 1369 Aequicolis,

61 1402 144 1482 quod
166 1423 255 1468 nunc
275 1405 402 1469 fetiales
424 1407 552 1486 habent,
576 1403 762 1488 descripsit
780 1425 844 1486 quo
865 1423 918 1466 res
939 1411 1307 1486 repeterentur-...-

60 1515 148 1579 lueri
172 1513 310 1589 solitum,
333 1529 369 1582 ut
388 1520 505 1582 latialis
526 1521 686 1582 hastam
708 1518 900 1580 ferratam
934 1524 1006 1578 aut
1036 1509 1309 1598 sanguineam

62 1634 300 1704 praeustam
322 1626 363 1690 ad
384 1627 467 1690 lines
491 1647 599 1689 eorum
621 1628 730 1711 terret,
754 1634 787 1688 et
807 1646 869 1688 non
890 1626 994 1687 minus
1013 1624 1114 1686 tribus
1134 1621 1308 1703 puberibus

25 1747 42 1776 ·
57 1735 279 1812 praesentibus
301 1732 420 1799 diceret
421 1779 544 1798 .......
567 1733 599 1795 id
621 1733 674 1795 nbi
696 1732 851 1816 dixisset,
884 1733 1009 1796 hastam
1039 1732 1070 1792 in
1092 1730 1174 1792 lines
1196 1748 1304 1793 eorum

58 1840 261 1906 emittebat.“
286 1842 379 1926 Apud
402 1842 540 1907 Gellium
562 1843 653 1914 xvi,
666 1843 701 1904 l:
724 1840 889 1922 „Cincius
905 1841 947 1902 de
967 1861 1003 1902 re
1023 1839 1148 1902 militari
1168 1838 1310 1905 latialem

58 1949 171 2028 populi
193 1948 329 2014 Romani
351 1951 466 2013 bellum
479 1951 667 2013 indicentem
683 1951 828 2014 hostibus
850 1939 1011 2034 telumque
1027 1951 1185 2031 inagnum
1198 1966 1307 2009 eorum

59 2059 234 2121 iacientem
254 2060 345 2120 hisce
365 2059 473 2121 verbis
494 2059 537 2121 uti
559 2057 688 2138 scripsit
690 2101 780 2121 .....
782 2055 803 2092 “
832 2057 884 2119 Act
907 2061 1032 2121 Ancum
1054 2057 1205 2120 Martium
1225 2054 1310 2141 huuc

58 2185 183 2228 morem
204 2166 304 2229 refert
324 2167 461 2229 Servius
482 2165 523 2228 ad
542 2167 623 2228 Aen.
643 2167 687 2242 X,
711 2166 766 2227 li:
805 2168 944 2246 „Aucus
963 2169 1107 2230 Martius
1139 2184 1235 2247 quum
1255 2165 1310 2225 vi-

60 2273 167 2358 deret,
190 2277 338 2358 populum
361 2276 540 2340 Romanum
562 2277 725 2339 ardentem
747 2296 856 2338 amore
877 2276 1030 2338 bellorum
1050 2277 1237 2356 plerumque
1257 2273 1310 2335 iu-

60 2384 146 2445 lerre
168 2383 253 2446 bella
274 2383 422 2468 gentibus
443 2383 526 2446 nulla
545 2383 631 2448 iusta
659 2390 810 2446 exstante
840 2382 962 2446 ratione
984 2392 1017 2450 at
1033 2381 1150 2447 exinde
1170 2381 1312 2463 pericula

61 2493 182 2576 gravia
203 2494 306 2555 creari
334 2494 420 2558 misit
445 2490 487 2552 ad
516 2497 643 2572 gentem
675 2489 997 2570 Aequiculanam
1026 2497 1060 2556 et
1086 2488 1213 2572 aceepit
1239 2489 1309 2552 iura

58 2600 193 2677 fetialia,
216 2620 273 2683 per
293 2616 375 2682 quae
396 2597 511 2659 bellum
533 2596 730 2683 indicebatur
751 2594 815 2658 hoc
837 2596 1039 2670 modusicut
1058 2597 1154 2662 etiam
1176 2596 1217 2658 de
1237 2598 1308 2663 Al·

56 2710 180 2772 honis
203 2710 324 2771 rettulit
344 2707 468 2768 Livius.
511 2706 597 2770 Nam
629 2709 659 2766 si
691 2703 821 2785 quando
854 2704 998 2770 homines
1019 2704 1073 2769 vel
1094 2705 1243 2775 ontndia
1262 2705 1303 2767 ab

57 2819 165 2900 aliqua
186 2826 282 2897 gente
303 2823 395 2895 rapta
414 2822 524 2876 essent
542 2813 658 2893 populo
678 2812 834 2887 Romano,
856 2829 927 2872 cum
948 2801 1110 2873 fetialibus
1131 2809 1163 2875 id
1185 2821 1237 2880 est
1249 2831 1309 2880 aa·

57 2925 253 3001 eerdctibus,
273 2925 327 3005 qui
346 2921 502 2986 faciendis
522 2931 675 3003 praesunt
696 2922 890 2997 foederibus,
921 2920 1185 3003 proficiscebatur
1211 2921 1307 2986 ctiam

58 3045 151 3116 pater
170 3039 328 3115 patratus,
350 3038 382 3092 ct
402 3037 477 3092 ante
499 3030 587 3096 fores
610 3007 702 3096 stans
719 3033 805 3094 clara
827 3049 913 3093 voce
931 3029 1059 3098 dicebat
1081 3030 1156 3097 belli
1178 3046 1309 3098 otum

58 3151 91 3204 et
113 3139 293 3204 nolentibus
314 3155 367 3199 res
389 3145 498 3217 raptas
521 3137 689 3204 restituere
710 3137 764 3199 vel
784 3143 935 3199 auctores
957 3135 1089 3198 iniuriae
1110 3135 1235 3198 tradere
1256 3135 1308 3196 ia-

55 3249 163 3310 ciebat
184 3246 324 3328 hastam,
349 3265 433 3327 quae
451 3263 504 3310 res
528 3253 596 3314 erat
617 3263 746 3328 pugnae
768 3241 988 3325 principium.“
1035 3243 1087 3306 Of.
1109 3243 1241 3312 Paullus
1263 3261 1307 3304 ex

56 3359 161 3419 Festo
184 3373 210 3420 s.
231 3374 264 3415 v.
286 3353 428 3416 Bellona
477 3353 589 3414 lIabes
611 3353 717 3435 itaque
738 3336 857 3414 morem
879 3372 959 3414 vere
979 3353 1091 3414 italum
1113 3349 1198 3437 apud
1219 3348 1309 3416 Vct·

56 3464 182 3545 gilium,
205 3461 257 3522 ubi
276 3463 403 3524 Turnus
424 3465 537 3542 cipitata·
548 3462 638 3524 lectio
658 3464 798 3540 equitum
819 3464 988 3526 comnotus
1008 3461 1068 3535 tx,
1089 3459 1151 3526 ὅθι

146 3569 226 3632 It'n!
243 3571 291 3629 nit
313 3575 346 3628 et
366 3567 551 3627 iaculum
568 3572 758 3644 attorquens
777 3570 937 3626 emittit
953 3569 987 3626 in
1008 3582 1121 3643 curos,

141 3680 342 3754 Principium
361 3693 500 3752 propone.
661 3674 666 3679 ’

58 3803 165 3870 neque
188 3804 266 3868 nero
279 3784 437 3866 litatus.
460 3784 510 3846 ubi
526 3783 712 3846 'l'olumnius
734 3801 836 3866 augur
847 3780 888 3844 ad
904 3801 1046 3865 pugnam
1057 3782 1300 3850 exhortaturus:

141 3897 239 3958 llicit
257 3901 290 3953 ot
310 3896 461 3954 odoerooa
484 3894 611 3955 telum
632 3895 841 3953 contorsit
860 3894 896 3950 in
915 3890 1033 3955 hostes.

57 4007 181 4085 quippe
201 4020 297 4081 quum
320 4001 374 4064 hic
395 4000 607 4081 potiusuuum
616 3995 939 4073 vulnerandoiocdus
949 3997 1153 4067 modoicttuu
1166 4009 1302 4081 rumpat.

63 4110 155 4175 Adde
177 4107 271 4174 bvii.
293 4108 383 4172 Fast.
408 4107 468 4190 v1,
491 4106 571 4170 207:

142 4218 229 4281 Hinc
250 4218 335 4279 solet
356 4216 449 4280 hasta
467 4235 573 4293 mauu,
594 4216 667 4278 belli
688 4217 887 4298 praenuntia,
906 4216 1002 4295 mitti,

222 4328 256 4388 In
277 4345 388 4408 regom
404 4334 442 4408 ct
463 4334 579 4408 gentes
600 4343 699 4406 quum
719 4325 828 4406 placet
846 4341 935 4390 arma
953 4324 1037 4408 ‘oapi
1073 4365 1076 4368 ·

58 4437 201 4501 Causam
223 4434 328 4498 adfert
347 4434 452 4518 Varro
474 4435 505 4496 in
527 4433 651 4498 Caleno
672 4431 784 4520 (Serv.
806 4433 885 4498 Dan.
907 4433 989 4500 Aen.
1003 4432 1156 4516 1X25biz
1178 4428 1308 4512 ¹,Duces

58 4563 154 4626 quum
176 4543 310 4624 primum
331 4541 479 4614 hostilem
499 4561 614 4626 agrum
635 4541 933 4625 introducerent,
967 4544 1083 4610 ominis
1104 4561 1202 4612 causa
1222 4542 1309 4623 prius

62 4653 185 4714 hastam
208 4649 239 4710 in
261 4669 341 4722 eum,
355 4667 468 4732 agrum
489 4651 665 4732 mittebant,
694 4658 728 4714 ut
750 4650 866 4715 cestris
890 4651 996 4723 iocum
1014 4645 1203 4734 caperent“

12 4808 18 4827 .
140 4759 257 4840 Neque
279 4763 372 4830 etiarn
394 4763 462 4828 sine
484 4765 605 4831 rothae
627 4775 724 4846 pocta
750 4763 858 4834 'luno
879 4765 917 4832 vi
924 4765 1028 4848 giuti
1048 4766 1175 4848 maltos
1196 4766 1307 4834 socios
