3000 5184
579 155 696 221 m
1165 176 1172 198 ¹
1569 155 1687 218 De
1728 136 2082 220 navibus.

575 338 778 402 Acilio
823 339 1064 421 posita,
1131 335 1411 420 pluribus
1449 350 1803 419 aggressus
1843 339 2137 420 navibus,
2182 339 2243 400 in
2290 339 2518 420 quibus
2558 337 2642 400 ad
2683 337 2908 400 libr-ain
2956 340 3000 401 f«

575 455 750 509 cerat
790 455 1036 525 turres,
1095 454 1166 506 ut
1208 465 1291 506 ex
1336 445 1645 524 superiori
1704 463 2001 528 pugnans
2062 446 2206 506 loco
2262 477 2339 490 -
2400 478 2485 490 —
2540 445 3000 509 adversarior-u

579 573 800 616 manus
845 551 1230 616 diduceret.“
1315 551 1560 614 Deinde
1603 554 1674 614 Β.
1722 550 1883 615 Gall.
1932 555 2045 632 ΙΙΙ,
2099 555 2196 617 14.
2282 557 2626 617 „Turribus
2673 571 2895 618 autem
2940 579 3000 618 e}

579 663 786 725 citatis
828 674 1038 724 tamen
1080 663 1196 722 has
1239 661 1503 724 altitudo
1547 665 1851 743 puppium
1897 683 1977 725 ea
2023 664 2299 726 barbaris
2344 665 2805 744 [Venetorum]
2865 672 2999 729 nav

579 773 692 833 bus
736 771 1136 852 superabat.“
1219 769 1391 831 Flor.
1437 769 1551 843 IV,
1600 771 1704 830 tt:
1776 769 2067 851 »Quippe
2110 791 2147 832 a
2190 773 2362 835 senis
2404 777 2470 835 in
2515 793 2803 836 novenos
2850 793 3000 833 rem«

579 899 714 941 rum
763 880 1093 955 ordinibuS,
1135 897 1174 939 a
1215 879 1340 940 hoc
1379 880 1742 940 turribus
1781 889 1973 961 atque
2006 881 2299 943 tabulatis
2330 883 2625 943 allevatis
2659 881 3000 944 castelloru

579 988 685 1050 vel
730 987 968 1047 urbium
1013 984 1228 1064 specie
1279 1001 1404 1045 non
1447 984 1585 1045 sine
1626 989 1866 1068 gemitu
1910 987 2102 1046 maris
2147 994 2212 1047 et
2253 985 2468 1048 labore
2513 996 2854 1051 ventorum
2887 990 3000 1050 fer<

579 1089 873 1158 bantur.“
958 1094 1192 1158 Verum
1238 1094 1368 1155 huc
1413 1112 1536 1156 non
1579 1095 1911 1175 pertinent,
1951 1114 2116 1175 quae
2158 1096 2218 1157 in
2265 1096 2402 1175 ipsa
2447 1074 3000 1179 Syracusarump

581 1204 952 1266 Marcellum
994 1203 1459 1285 oppugnatione
1483 1223 1651 1265 anno
1686 1204 1768 1266 V.
1808 1203 1884 1266 C.
1914 1206 2353 1269 Dxxxvnt.
2389 1225 2428 1266 a
2461 1206 2648 1266 Livio
2682 1207 2944 1280 XXIV,
2972 1205 3000 1268 :i

583 1319 1010 1377 memorantur
1045 1320 1250 1372 turres
1291 1311 1759 1388 contabulatae,
1800 1330 1964 1393 quae
1994 1310 2075 1374 ad
2104 1312 2303 1372 solam
2338 1330 2648 1372 murorum
2681 1311 3000 1373 obsidione

583 1422 914 1504 pertinent.
988 1420 1061 1482 ln
1105 1423 1311 1481 numis
1354 1438 1607 1501 quoque
1650 1419 1915 1480 turritae
1956 1437 2201 1499 puppes
2246 1418 2550 1481 interdum
2587 1419 3000 1500 conspiciunt}

750 1531 982 1608 Neque
1025 1529 1171 1590 illud
1212 1525 1682 1608 negligendum,
1728 1524 1894 1606 quod
1941 1526 2156 1587 fausta
2202 1527 2539 1587 occasione
2586 1526 2794 1587 oblata
2838 1537 3000 1589 naut¹

583 1659 831 1725 puppes
895 1638 1292 1702 coronabant.
1378 1640 1477 1700 Ita
1522 1635 1637 1717 IV,
1696 1636 1835 1699 418.
1921 1636 2327 1697 Troianorum
2370 1635 2451 1696 de
2503 1635 2901 1717 Carthagine
2946 1636 3000 1697 d«

583 1748 923 1814 cedentes:
2776 1752 2780 1755 ’

747 1855 1076 1933 Puppibus
1117 1859 1180 1913 et
1219 1854 1370 1912 laeti
1407 1859 1645 1932 nautae
1688 1855 2022 1928 inposuere
2065 1870 2351 1912 coronae.

587 1959 793 2040 Quem
851 1956 1147 2020 Italorum
1200 1975 1436 2017 morem
1495 1957 1722 2018 fuisse·
1752 1956 1875 2018 iam
1931 1974 2014 2017 ex
2072 1956 2265 2038 ipsius
2329 1955 2525 2017 nostri
2587 1961 3000 2041 comparatioi

596 2067 839 2150 Georg.
891 2068 938 2143 1,
977 2064 1120 2127 303.
1164 2065 1466 2145 percipist

745 2177 888 2239 Ceu
924 2194 1189 2252 pressae
1234 2193 1374 2233 cum
1418 2176 1546 2233 iam
1582 2180 1833 2251 portum
1880 2177 2138 2249 tetiyere
2178 2179 2456 2250 carinae,

753 2284 1080 2362 Puppibus
1124 2288 1188 2341 et
1223 2282 1375 2340 laeti
1416 2286 1652 2340 nautae
1692 2284 2026 2357 inposuere
2069 2300 2354 2342 coronae.

593 2393 723 2473 Qui
764 2392 885 2454 loci
929 2390 1015 2450 ita
1057 2387 1383 2471 differunt,
1441 2397 1512 2449 ut
1558 2388 1637 2449 illi
1683 2389 1835 2450 vela
1878 2387 2102 2450 dantes
2140 2409 2344 2450 naves
2389 2399 2646 2472 ornent,
2704 2392 2769 2453 hi
2818 2415 2973 2457 vero

590 2509 835 2584 portum
881 2496 1087 2560 delati.
1171 2495 1335 2559 Rem
1393 2497 1685 2556 inlustrat
1728 2495 1991 2556 Sueton.
2038 2497 2234 2562 Vitell
2296 2497 2408 2560 10:
2486 2499 2823 2581 ”Namque
2866 2503 3000 2563 itine

588 2611 882 2673 inchoato
928 2629 1038 2688 per
1081 2607 1321 2670 medias
1365 2609 1664 2669 civitates
1709 2607 1830 2668 ritu
1870 2607 2372 2686 triumphantium
2400 2620 2623 2672 vectus
2670 2623 2804 2689 est,
2848 2633 2994 2694 perq

591 2719 841 2781 flumina
901 2717 1366 2778 delicatissimis
1443 2718 1720 2798 navigiis
1774 2725 1839 2778 et
1899 2721 2310 2780 variarum
2386 2736 2869 2783 coronarum
2938 2738 3000 2799 g*

590 2845 778 2886 nere
819 2823 1237 2885 redimitis
1283 2825 1442 2886 inter
1487 2825 1963 2905 profusissimos
2026 2830 2429 2906 opsoniorum
2474 2831 2855 2907 apparatus,
2917 2825 3000 2885 nul

590 2933 864 2995 familiae
917 2939 1029 2993 aut.
1069 2932 1280 2995 militis
1351 2932 1724 3013 disciplina,
1786 2935 2041 3012 rapinas
2099 2950 2178 2992 ac
2244 2935 2648 3014 petulantiam
2698 2936 2968 2995 omnium

592 3044 800 3104 iocum
844 3037 1174 3101 vertenS.“
1265 3039 1450 3102 ovid.
1512 3042 1773 3102 Metam.
1818 3040 1965 3114 XV,
2026 3042 2183 3118 696:

760 3150 957 3209 Torta
999 3157 1446 3209 coronatae
1489 3149 1745 3209 solvunt
1792 3150 2134 3212 retinacula
2175 3147 2494 3229 puppis.

594 3256 813 3320 Valet.
861 3255 1068 3318 Flauo.
1115 3257 1353 3338 Argon.
1418 3259 1468 3335 1,
1516 3255 1677 3318 301:

760 3363 926 3424 Visa
984 3372 1429 3424 coronatae
1487 3363 1739 3447 fulgens
1783 3356 1978 3424 tutela
2024 3355 2379 3451 carinae.

597 3451 972 3551 Quaesitum
1022 3489 1174 3532 vero
1233 3490 1464 3554 saepe,
1539 3482 1741 3534 utrum
1784 3473 1847 3533 in
1890 3471 2079 3554 puppi
2120 3490 2196 3531 au
2243 3472 2301 3531 in
2343 3486 2528 3550 prora
2570 3469 2772 3530 tutela
2816 3470 3000 3530 naviu

595 3583 806 3646 fuerit.
892 3580 1358 3664 Distinguenda
1398 3591 1544 3642 sunt
1588 3583 1917 3662 insigne
1964 3589 2026 3641 et
2087 3579 2361 3641 tutela.
2447 3578 2667 3658 Prius,
2737 3576 2904 3658 quod
2952 3596 3000 3636 n«

597 3691 695 3752 dei
736 3691 843 3750 vel
886 3687 1046 3749 deae
1105 3688 1368 3748 alicuius
1416 3691 1753 3770 imaginem
1799 3688 1915 3749 sed
1962 3690 2231 3749 ferarum
2279 3688 2382 3746 vel
2427 3695 2848 3762 monstrorum
2895 3682 3000 3744 fab·

597 3796 868 3856 losorum
911 3792 1266 3869 exhibebat,
1311 3793 1372 3853 in
1402 3813 1586 3874 prora
1619 3793 1811 3854 fixum
1862 3802 2018 3855 erat.
2063 3792 2202 3868 (Cf.
2233 3791 2486 3853 Antich.
2513 3787 2815 3851 d'Ercol.
2862 3790 2937 3872 Y,
2980 3787 3000 3847 l

603 3903 739 3963 Tali
784 3904 1032 3962 ratione
1075 3904 1173 3984 X,
1232 3901 1377 3965 1562

2069 3983 2313 4045 Aeneia
2349 3986 2584 4061 puppis

771 4092 991 4151 Prima
1036 4097 1222 4173 tenet,
1271 4098 1541 4152 rostro
1585 4091 1907 4169 Phryqios
1953 4081 2288 4153 subiunctu
2331 4092 2559 4150 leones,

605 4197 708 4258 ubi
751 4203 997 4272 rostro,
1056 4214 1279 4277 prorae
1323 4196 1569 4276 itaque,
1608 4195 1930 4278 Phrygios
1972 4196 2192 4257 leones
2234 4195 2602 4257 subiunctos
2645 4213 2796 4256 esse
2837 4203 3000 4256 notat<

601 4315 818 4368 verum
864 4303 920 4362 si
964 4315 1151 4383 poeta
1191 4303 1428 4384 pergitz

766 4415 1064 4474 Imminet
1102 4413 1222 4472 Ida
1261 4432 1482 4492 super,
1526 4415 1821 4493 profuyis
1859 4413 2233 4489 gratissima
2282 4410 2559 4471 Teucria.

774 4520 903 4581 Hic
946 4538 1222 4596 magnus
1263 4523 1441 4580 sedet
1476 4519 1763 4598 Aeneae,
1791 4538 2145 4598 ,secumque
2187 4520 2435 4580 volutat

774 4629 1068 4688 Eventus
1111 4627 1258 4687 belli
1277 4617 1279 4622 ⁴
1301 4633 1537 4705 varios,
1570 4628 1929 4705 ‚Pallasque
1969 4631 2231 4686 sinistro

773 4733 1057 4812 A'dfioeus
1103 4731 1289 4790 lateri
1330 4734 1456 4790 iam
1499 4736 1753 4809 quaerit
1788 4733 2001 4791 sideru
2044 4774 2061 4791 .
2103 4774 2120 4791 .
2167 4777 2182 4794 .
2226 4773 2244 4793 .
