3000 5184
581 263 637 326 De
659 263 784 346 regiaL
841 299 847 305 -
1286 269 1308 330 9

145 445 218 507 lter
238 444 453 530 Artiuo,'r'eo·
472 441 739 510 eoem-teocam
759 445 941 525 Phoebique
961 452 1166 512 recordor.

68 548 165 614 Cuius
186 551 287 613 moris
308 543 427 614 nullum
448 549 535 634 md
547 551 722 614 Homerum
736 551 884 631 invenies
893 553 1091 634 exemplum,
1116 557 1305 641 apudquom
1331 622 1335 625 Α

65 675 158 740 reges
179 669 381 740 nequaquam
393 659 483 722 'certi
503 659 637 722 alieuius
650 661 957 724 ‘numinisexistant
975 659 1172 726 sacerdotes.
1194 667 1305 750 Uagia

64 765 157 828 mam
179 765 344 830 mirandus
360 766 526 832 ‘Rhamnes
545 770 606 849 lX,
628 767 729 835 8272*
781 790 784 794 ·

142 875 238 936 Ilee
257 877 391 938 idemet
409 882 481 955 repr·
503 879 609 941 lbrrto
628 880 838 957 praedem
856 898 998 956 aanor.

65 981 187 1061 Quibus
204 984 233 1046 si
253 983 340 1046 lubet
360 979 479 1044 addere
499 985 618 1064 poteris
639 982 856 1066 regisLatini,
877 981 1030 1057 Evandri,
1045 985 1179 1048 aliorum
1192 1003 1307 1070 regum

66 1091 222 1155 desectis
237 1109 353 1156 curam·
376 1089 468 1170 Quae
487 1111 586 1173 quum
602 1093 724 1155 totiens
746 1101 924 1173 occurrant,
950 1112 1013 1155 non
1035 1092 1225 1174 opinandum
1245 1103 1309 1175 cst,

64 1200 246 1263 memoriam
268 1201 373 1261 levem
398 1209 563 1262 semorum
594 1219 613 1262 e
639 1198 777 1264 Graecis
809 1206 916 1283 poetis
945 1201 1131 1266 delibatam.
1155 1203 1309 1286 originem

64 1305 203 1380 dedisse,
226 1305 287 1369 sed
310 1325 405 1390 quum
418 1309 558 1371 Aeneae
578 1327 736 1390 personae
758 1311 927 1375 manifesto
953 1313 1140 1376 subiectum.
1161 1314 1215 1376 sit·
1232 1313 1305 1375 Au-

65 1415 150 1498 gusti
172 1415 332 1496 pontifieis
352 1416 487 1480 maximi
509 1419 690 1499 exemplar,
713 1437 808 1501 quum
828 1418 964 1501 denique
985 1421 1109 1503 publiea
1129 1439 1223 1484 sacra
1245 1421 1309 1484 iam

65 1545 120 1607 per
145 1542 253 1607 reges
269 1525 435 1590 Romarm
461 1535 550 1590 teste
574 1527 668 1592 Livio
697 1530 728 1590 ll
735 1573 746 1609 ,
775 1529 807 1592 2.
830 1529 903 1592 olim
923 1530 987 1592 sint
1005 1531 1167 1595 laentum
1199 1530 1308 1612 ponti-

65 1631 140 1694 llcia
161 1649 240 1696 eura
259 1649 300 1696 ac
321 1632 462 1716 dignltae
482 1632 641 1718 integram
661 1636 774 1721 regiae
801 1644 924 1718 partem
945 1637 1099 1701 effecisse
1120 1646 1173 1701 est
1194 1638 1309 1702 ensd-

69 1741 193 1872 mandp.

645 1981 678 2072 p.
700 1989 729 2048 5.

591 2089 650 2197 lle
667 2142 797 2209 resta.

148 2312 235 2372 lnter
256 2313 344 2394 regis
365 2312 505 2396 insignia
526 2322 601 2377 ante
622 2313 728 2376 omnia
743 2313 844 2375 aedes
857 2313 1009 2374 excelsae
1029 2319 1127 2392 atque
1147 2310 1229 2371 inter
1251 2325 1311 2370 cc-

66 2425 207 2480 terorum
239 2427 443 2498 praestantes
470 2421 602 2502 primum
643 2419 748 2483 locum
770 2427 889 2482 tenent.
938 2418 1089 2481 Attamen
1112 2417 1249 2480 Romani
1271 2416 1312 2479 de

5 2571 10 2574 -
63 2525 288 2607 antiquissima
307 2523 510 2609 simplicitate
529 2529 703 2613 gloriantes
724 2528 853 2591 Romuli
873 2545 983 2591 casam
1006 2515 1211 2589 straminibus
1229 2544 1312 2588 eon-

66 2633 290 2713 lectamipsam
321 2630 444 2718 regiam
469 2635 618 2699 videntur
645 2637 835 2719 appellasse.
879 2636 982 2717 Quam
1003 2635 1167 2718 Vergilius
1188 2654 1312 2698 merno-

66 2741 330 2825 rotvn1,.654:

149 2849 364 2929 Romuleoque
383 2871 495 2913 reeens
514 2853 666 2914 horrebat
683 2856 792 2931 regio
814 2854 927 2914 culmo.

1 2989 2 2994 κ
66 2957 116 3019 cui
137 2973 306 3038 comparer
325 2957 490 3039 aptissime
514 2957 710 3024 0vid‘llast
730 2958 789 3034 lll,
814 2957 887 3021 183:

151 3064 245 3144 Quae
264 3066 360 3128 fuerit
381 3070 495 3142 nostri,
517 3067 547 3129 si
567 3047 704 3150 qnaeris,
725 3065 841 3149 regia
861 3067 940 3150 nati,

231 3171 374 3256 Adspice
394 3173 435 3238 do
456 3191 559 3238 canna
578 3175 847 3256 straminibusque
867 3174 1004 3237 domum.

65 3283 223 3348 Eiusdem
258 3286 326 3348 fere
361 3307 461 3368 purae
494 3296 527 3351 et
554 3289 756 3372 incorruptae
785 3288 908 3351 formae
936 3297 1032 3371 poeta
1061 3289 1203 3354 Evandri
1228 3293 1315 3376 regis

67 3390 199 3452 domurn
226 3403 334 3456 mente
362 3395 498 3458 fluxisse
519 3397 748 3460 existimandus
778 3408 838 3475 est,
870 3397 922 3479 qui
944 3417 1006 3461 non
1027 3399 1096 3460 sine
1116 3399 1211 3464 animi
1229 3396 1314 3484 'qua-

67 3503 142 3567 dam
165 3505 303 3569 elatione
323 3508 364 3572 ad
386 3511 529 3574 Aeneam
550 3511 643 3595 Vlll,
664 3511 743 3574 362:

413 3623 513 3700 Haec,
539 3629 652 3705 inquit,
676 3625 787 3684 limina
807 3630 905 3686 vietor

152 3724 284 3787 Alcides
304 3731 438 3820 subibat,
461 3731 541 3791 baec
561 3732 660 3811 illum¹
675 3736 790 3810 cepio
812 3736 902 3810 oepit.

68 3835 134 3898 Cui
162 3843 198 3896 ut
219 3835 250 3896 iu
271 3836 358 3898 vitae
379 3835 586 3916 suppellectili
607 3847 828 3920 apparatuque
850 3839 894 3901 ita
915 3839 948 3900 in
971 3839 1166 3901 habitatione
1187 3841 1316 3920 opponit

68 3965 182 4030 regem
211 3944 361 4007 Latinum
394 3943 426 4004 in
452 3943 537 4006 omni
563 3963 682 4026 genere
711 3944 908 4008 ditissimum.
957 3945 1000 4007 Ei
1024 3966 1085 4008 non
1115 3964 1222 4010 casam
1253 3949 1316 4009 ali-

69 4073 166 4136 quam
190 4059 246 4112 aut
267 4051 465 4131 speluncam,
488 4068 551 4132 qna
572 4059 724 4135 moretur,
745 4054 897 4135 attribuit,
921 4051 980 4116 sed
1001 4053 1080 4134 Vll,
1102 4053 1179 4118 170:

157 4159 286 4220 Teolom
307 4164 490 4234 aequatam,
510 4161 636 4238 inperce,
656 4165 783 4218 centum
803 4159 936 4219 subdote
955 4159 1112 4220 colomnis

157 4267 243 4329 Urbe
260 4267 329 4344 fuit
347 4283 481 4344 mortno,
504 4265 678 4327 Laurente
698 4269 813 4342 regio
834 4266 914 4326 Pici.

71 4363 174 4449 (Vide
194 4375 351 4456 picturam
373 4372 564 4437 Vaticanam
585 4373 616 4434 in
629 4372 740 4434 lllillin.
753 4372 882 4452 mythol.
906 4369 1117 4439 Galler.'l'ab.
1131 4373 1315 4438 CLXXVl.
1426 4441 1429 4445 ,

72 4481 408 4556 mmffl)⁴
1247 4465 1271 4501 ²

176 4591 241 4656 Cui
269 4597 410 4678 Augusti
434 4595 573 4671 subesse
593 4593 744 4677 palatium
771 4597 832 4658 iam
855 4596 993 4660 Servius
1014 4595 1110 4661 vidit:
1146 4591 1316 4674 albonem,

74 4704 221 4788 quentin
241 4703 367 4767 Palatio
387 4701 526 4766 diximus
547 4704 587 4766 ab
608 4705 760 4787 Augusto
774 4705 914 4787 'factom,
935 4725 1001 4787 per
1013 4707 1181 4767 transitum
1195 4697 1318 4772 laudat,

75 4833 170 4895 quam
204 4812 296 4894 quasi
318 4811 348 4874 iu
371 4811 597 4876 lraurolavinio
629 4812 729 4877 luisse
762 4822 1016 4880 commemorato
1076 4809 1233 4874 Immerito
1260 4829 1317 4872 re·
1430 4888 1432 4893 Ι
