3000 5184
189 169 488 254 nephalarioa.
534 135 751 241 hecateia
771 185 815 243 at
834 173 992 257 aclyde.
1173 177 1223 242 U

11 657 147 720 Turnus
171 659 230 738 lX,
252 658 323 722 71¹3.
346 633 526 742 Meropem,
550 663 736 744 Erymanta,
757 663 940 745 Aphidnum
962 669 1086 751 sternit,
1156 707 1159 712 -
1207 708 1212 719 ·

61 767 144 828 Tum
163 771 273 830 Bitian
294 772 454 830 ardentem
477 771 577 850 oculis
599 775 775 852 animisque
790 777 979 852 frementem

56 875 137 935 Non
158 875 280 951 iacula·
301 894 402 955 neque
424 881 506 937 enlm
527 877 631 938 iaculo
651 883 746 938 eitam
766 880 821 940 illc
840 881 1011 956 dediscas

59 981 132 1043 Sed
151 1001 302 1059 moganum
323 981 464 1048 stridens
485 991 677 1055 contorto
695 987 921 1075 phalarico
945 994 1041 1071 esar,

57 1089 224 1151 Fulminis
246 1097 319 1150 octo
340 1091 438 1168 modo,
460 1111 555 1172 quom
576 1111 633 1154 nec
653 1093 714 1168 duo
736 1100 849 1155 taurea
869 1100 961 1170 torpa

56 1206 129 1267 Nec
152 1199 270 1277 duplici
287 1219 421 1280 equanto
442 1200 542 1290 lorica
560 1203 664 1282 fidelis
683 1211 716 1264 et
736 1225 815 1265 oraro

59 1311 235 1372 Sustinuit.

1 1420 135 1482 ervius:
164 1423 234 1484 ”Dc
254 1423 315 1486 boc
336 1427 398 1486 tolo
420 1425 553 1506 legitur,-
581 1424 654 1506 qnia
677 1435 726 1488 est
750 1425 864 1505 iugens
885 1434 976 1490 toruo
996 1428 1133 1497 tanna.
1161 1432 1224 1495 ha-

2 1547 55 1590 ns
81 1529 201 1594 ferrum
223 1532 358 1596 cubitale
382 1543 415 1596 et
435 1531 654 1598 rotunditatem
678 1530 718 1594 de
735 1533 863 1613 plumbo
878 1535 910 1597 in
925 1535 1052 1608 modum
1066 1538 1225 1622 sphaerae

33 1636 111 1716 ipsa
144 1639 335 1702 summitate.
386 1639 507 1702 Dicitur
543 1642 640 1700 etiam
662 1641 769 1714 ionem
802 1641 918 1703 babere
945 1643 1085 1711 adfixum
1119 1679 1159 1713 -,·
1181 1679 1223 1694 -
1337 1648 1339 1651 ’

2 1765 67 1808 ane
96 1747 288 1829 phalaricam
325 1749 474 1810 huoanus
502 1747 579 1812 dixit
608 1751 714 1810 nervis
746 1750 823 1812 mitti
851 1752 1007 1816 tortilibus
1032 1776 1053 1818 e
1085 1755 1221 1838 quamn

7 1859 141 1938 achina,
163 1865 197 1920 ut
218 1858 296 1940 (Vl,
322 1857 422 1932 198.):

61 1965 160 2025 Hunc
182 1975 237 2028 aut
258 1967 413 2030 tortilibus
436 1966 560 2030 vibrata
579 1967 741 2049 phalarica
763 1973 873 2033 nervis

65 2071 217 2138 obruat«
749 2142 753 2150 ,
1038 2141 1042 2147 ,
1110 2120 1114 2128 ·
1200 2143 1205 2150 ,
1276 2156 1281 2168 ¹

28 2182 148 2244 Servio
170 2201 228 2246 sna
249 2183 366 2255 hausit,
389 2194 423 2245 ut
450 2185 544 2262 solet,
567 2184 708 2246 Isidorus
730 2185 860 2253 xvtu.
881 2185 918 2264 t,
940 2187 972 2248 8.
1014 2191 1124 2269 iguem
1153 2189 1225 2256 huic

10 2299 193 2354 strumento
213 2291 317 2354 tribuit
338 2291 431 2354 etiam
454 2291 568 2354 Livius
591 2293 684 2370 XXl,
704 2293 738 2354 ὃς
769 2293 956 2372 onalarioa
976 2301 1047 2356 erat
1067 2296 1225 2380 Sagunti·

1 2400 41 2484 's‚
66 2399 191 2462 missile
212 2401 308 2462 telum
329 2399 434 2462 hastili
454 2399 602 2483 abiegno,
631 2408 664 2461 et
686 2413 795 2462 cetera
816 2402 919 2481 tereti,
940 2409 1160 2486 praeterquam
1181 2405 1224 2468 ad

0 2517 172 2588 »tremum
195 2508 279 2570 ande
301 2508 416 2570 lerrum
438 2507 594 2571 exstabat.
628 2506 663 2568 ld
682 2511 767 2570 sient
782 2509 813 2593 in
828 2509 889 2587 pilo
907 2507 1095 2590 quadratum
1108 2519 1225 2593 stuppa

8 2615 264 2700 rcnmligabant,
291 2615 514 2700 'liniebantque
550 2616 627 2694 pice.
684 2615 816 2676 Ferrum
849 2624 957 2678 antem
999 2624 1065 2680 tros
1098 2617 1224 2700 longum

3 2727 80 2788 abet
109 2721 229 2806 pedes,
267 2731 305 2784 ut
335 2739 417 2784 cum
450 2724 570 2784 armis
606 2721 854 2802 transfigere
885 2739 1036 2802 corpus
1069 2736 1225 2804 posset

0 2834 51 2896 ed
81 2819 114 2893 id
143 2833 301 2910 maxime,
333 2830 456 2890 etiamsi
488 2827 645 2888 haesisset
673 2826 704 2888 in
732 2835 938 2910 scuto,*neo
965 2834 1225 2909 penetrassetin
1315 2871 1317 2877 ·
1449 2819 1450 2825 '

1 2961 114 3026 orpus,
131 2956 286 3028 pavorem
306 2936 456 3014 iaciebat,
477 2933 559 3017 quod
582 2953 675 3016 quum
697 2934 831 2998 medium
851 2954 1022 3001 accensum
1038 2939 1225 3019 mitteretur,

1 3061 240 3134 onceptumqne
262 3049 331 3129 ipso
353 3058 439 3110 motu
461 3048 557 3109 multo
579 3047 728 3108 malorem
744 3050 757 3108 i
764 3064 879 3126 gnam
892 3046 999 3128 ferret,
1021 3049 1110 3124 arma
1125 3049 1227 3127 omitti

3 3161 137 3246 agebat,
152 3157 331 3238 nudumque
348 3155 474 3218 militem
490 3154 529 3216 ad
545 3154 749 3234 insequentes
765 3157 850 3214 ictus
865 3154 1067 3235 praebebat«
1096 3153 1149 3218 Cf.
1171 3156 1227 3237 Si·

6 3290 46 3333 us
60 3271 85 3346 1,
103 3267 187 3346 350,
210 3279 242 3327 ct
257 3263 418 3346 vegetius
432 3261 492 3341 lV,
514 3261 568 3325 te:
592 3259 779 3323 »Phalerico
796 3269 902 3324 autem
916 3260 957 3323 ad
972 3262 1098 3327 modum
1113 3264 1227 3332 hastae

7 3377 95 3443 elido
124 3373 307 3456 praeligitur
335 3369 433 3448 lerr03
463 3368 545 3430 inter
572 3369 680 3429 tubum
712 3376 744 3430 et
773 3368 1077 3452 hastile-sulphure,
1107 3371 1225 3452 resina,

5 3485 141 3550 itumine
163 3481 328 3562 stupisqne
351 3476 550 3538 convolvitur
573 3476 677 3539 inluso
698 3476 778 3548 oleo,
809 3475 894 3559 quod
916 3477 1143 3540 incendiarium
1161 3497 1226 3554 vor

6 3603 78 3674 ant,
107 3585 195 3673 quae*
223 3588 357 3649 balistae
391 3586 509 3667 impetn
541 3584 698 3660 destinata
726 3595 876 3665 perrupto
907 3587 1081 3648 munimine.
1111 3583 1227 3667 ardens

6 3707 98 3786 gitur
119 3699 218 3782 ligno,
239 3694 442 3774 turritamque
463 3693 639 3756 machinam
660 3693 843 3774 frequenter
862 3689 1034 3772 ὶιιιιιιιιιὶὶι.ιι
1067 3691 1141 3754 lloe
1160 3691 1227 3774 igi,-

58 3811 131 3872 loco
152 3804 192 3867 ad
214 3801 431 3896 defensionem
450 3802 653 3863 obsessorum
676 3800 821 3882 pertinet.

586 4032 595 4049 .
616 3983 667 4046 40.

402 4115 461 4170 lle
479 3975 611 4170 σηιξη
628 4117 669 4168 et
686 4112 838 4180 aclyde.
890 4085 896 4098 ’

71 4301 158 4362 Inter
171 4296 381 4360 Troianorum
401 4293 435 4353 ln
456 4307 564 4372 pugna
578 4289 633 4350 illa
649 4288 688 4349 dc
704 4289 815 4352 ltaliae
828 4286 1100 4371 solo-acquirendo
1115 4288 1226 4356 hostes
1350 4364 1352 4369 ¹
1444 4312 1445 4318 ¹
1490 4302 1494 4369 s

0 4407 191 4474 ominamur
207 4383 446 4466 incolaeetiam
461 4397 642 4477 ltulrarum,
663 4397 781 4478 Batuli,
800 4395 975 4462 Celemnae
990 4407 1084 4483 atquo
1094 4399 1228 4463 Abellae

27 4521 71 4602 11,
92 4515 172 4580 rotz
1131 4518 1134 4526 '

81 4623 336 4686 Meam
353 4619 440 4680 soliti
456 4618 786 4700 torpuerceatsa'ae.
846 4655 858 4690 ,
895 4637 898 4642 ·
977 4615 979 4620 “
1275 4679 1279 4686 ,

1 4733 149 4798 errius:
164 4731 274 4810 „Tela
296 4727 432 4792 Galbae.
462 4727 554 4794 Unde
575 4735 609 4792 et
624 4728 833 4792 Teutonicum
851 4726 944 4792 ritum
966 4724 1045 4798 diat
1065 4717 1228 4809 [Catina
