3000 5184
54 2504 180 2620 octo
212 2550 296 2615 fere*
315 2549 523 2632 praeterlapsi
549 2559 626 2615 sunt
659 2551 751 2636 anni,
789 2571 833 2615 ex
867 2569 929 2635 quo
965 2551 1226 2621 dissertationem
1260 2557 1302 2620 tle

59 2721 188 2767 morum
219 2701 253 2766 in
275 2703 415 2789 Vergilii
440 2699 587 2765 Aeneide
606 2699 731 2766 'habitu
757 2702 843 2766 edidi
848 2746 861 2787 ,
893 2719 957 2783 qua
989 2723 1020 2786 p.
1047 2704 1108 2767 91,
1140 2705 1304 2792 pollioitus

62 2873 151 2934 sum,
176 2875 229 2919 me
254 2856 461 2938 antiquitates
487 2856 655 2940 aliquando
683 2856 888 2944 Vergilianas
916 2873 993 2920 esse
1018 2860 1221 2938 aeriptnrnm.
1269 2857 1307 2935 ln

62 3005 176 3070 diariis
190 3005 304 3072 deinde
316 3008 562 3074 Zimmermanni
580 3010 780 3095 philologieis
801 3024 955 3074 annorum
964 3005 1306 3074 mcccxxxvm.

60 3177 110 3222 nr.
128 3159 186 3224 ⁷1.
202 3159 274 3245 72,
292 3160 604 3228 mcccxxm.
619 3183 667 3228 nr.
685 3163 744 3230 80.
764 3163 823 3228 81.
839 3162 903 3227 alno
921 3181 1031 3226 earum
1050 3160 1233 3244 fragmenta
1245 3177 1308 3243 pa·
1413 3139 1424 3164 ⁸

64 3312 130 3371 trio
164 3323 315 3372 sermone
350 3316 532 3394 conscripta
560 3314 801 3378 communicavi.
835 3311 980 3376 Eundem
1011 3327 1114 3392 nuper
1139 3309 1246 3372 looum
1276 3309 1309 3372 in

64 3474 181 3520 museo
206 3469 450 3544 praeceptorum
477 3470 635 3525 terrarum
649 3461 827 3526 Rhenanae
853 3469 889 3522 et
905 3416 1137 3543 westphaliae
1165 3457 1241 3522 Vol.
1265 3459 1306 3521 ΙΙ.

68 3625 99 3688 p.
113 3603 173 3670 35.
183 3608 289 3694 tetigi.
315 3609 447 3674 Librum
460 3609 522 3674 iam
539 3609 712 3697 integrum,
727 3630 832 3692 neque
854 3627 936 3674 vero
951 3608 1098 3693 profecto
1116 3608 1311 3694 absolutum,

68 3756 218 3839 quamvis
240 3757 273 3820 in
300 3779 340 3822 eo
365 3760 559 3824 elaborando
584 3717 796 3825 Horatiorum
827 3759 906 3825 illud
930 3767 1139 3842 praeeeptum
1156 3755 1206 3820 tle
1225 3776 1308 3822 anno

69 3923 154 3968 nono
178 3905 243 3970 iam
278 3909 402 3972 decimo
430 3909 652 3992 exspeotando
677 3911 832 3996 religiose
858 3913 1069 3989 earvaverlm‚
1104 3907 1184 3972 viris
1209 3906 1312 3973 (luetis

68 4056 172 4119 trado.
223 4057 346 4122 Verum
365 4058 448 4122 enim
481 4075 562 4121 vero
586 4057 759 4123 finiendam
784 4069 854 4124 erat
876 4057 1047 4143 aliqnando
1072 4067 1309 4144 argumentum,

70 4207 196 4271 animus
230 4226 253 4272 a
276 4207 412 4290 quadam
440 4209 532 4290 quasi
557 4210 641 4272 mole
666 4208 860 4274 liberandus.
924 4211 972 4272 At
1003 4209 1080 4272 lieet
1113 4209 1186 4291 ipse
1213 4209 1314 4291 probe
1350 4205 1353 4211 '

72 4357 226 4438 sentiam,
260 4358 302 4421 de
325 4359 431 4422 multis
463 4357 517 4424 hio
551 4359 755 4443 pertractatis
788 4359 923 4424 dubitari
955 4374 1070 4446 posse,
1102 4357 1144 4422 (le
1179 4357 1250 4422 aliis
1282 4353 1334 4444 in]-

74 4521 244 4591 ntramque
271 4514 396 4591 partem
421 4505 600 4597 disputari,
633 4526 768 4592 sperare
793 4517 901 4572 tamen
925 4509 1049 4595 ausim,
1084 4508 1154 4571 iore
1186 4517 1314 4571 utnon

75 4661 106 4725 in
130 4661 311 4748 Vergilium
333 4658 449 4745 solum,
475 4657 537 4723 sed
562 4658 593 4724 in
618 4659 720 4744 ipsam
746 4657 843 4720 etiam
856 4656 1068 4724 Murranum
1093 4658 1314 4742 antiquitatum

75 4811 251 4880 ‹lontrinam
276 4809 400 4874 fruetus
420 4809 533 4890 aliquus
559 4808 722 4873 redundet.
763 4806 903 4891 Operam
929 4809 1012 4872 enim
1036 4806 1121 4891 (ledi,
1146 4817 1183 4873 ut
1196 4810 1314 4878 ‚euneti
