3000 5184
185 231 393 318 Vergilius
414 235 502 318 quid
524 235 569 300 de
588 234 676 319 deo,
692 207 845 322 muodo,
866 238 954 305 lato
973 241 1170 306 senserit
1233 233 1297 302 tto

50 409 95 478 Oi
116 412 258 480 Στωικοὶ
277 407 388 504 νοερόν
408 408 490 484 θεόν
511 408 760 504 ἀποφαίνονται,
791 415 871 506 πῦρ
901 410 1045 501 τεχνικόν
1070 409 1140 504 ὀδῷ
1157 412 1297 539 βαδίζον

49 518 112 584 ἐπὶ
130 519 258 652 γενέσει
277 511 900 654 κόσμου,εἰιπεριειληφόςπύνιαςσοός
914 517 1155 616 σπερματικοός
1175 515 1296 609 λόγους,

49 625 186 694 καθ’
160 620 215 708 ούς
235 628 355 696 ἕκαστα
376 635 452 697 καθ’
476 628 671 721 εἱμαρμένην
691 631 823 720 pereunt,
844 632 898 698 καλ
919 633 1047 718 πνεῦμα
1065 630 1146 716 μὲν
1141 631 1296 719 διῆκον

49 738 103 804 δι’
127 731 228 806 ὅλου
249 739 321 804 τοῦ
342 730 505 836 κόσμοη
537 746 744 810 ucioerone
766 749 864 812 multa
884 755 1021 830 possunt
1039 745 1156 810 adferri
1176 744 1255 806 δι’·
1237 762 1297 805 ns·

49 850 129 914 dem
154 853 249 915 rebus
270 853 502 944 testimonia..g
521 871 554 936 g
576 854 678 916 Aead.
700 857 742 939 ll,
765 855 821 919 tl·
856 855 1001 917 >Zenoni
1022 863 1056 918 et
1075 854 1205 935 reliquis
1224 852 1297 914 lere

48 959 178 1021 Stoicis
203 960 322 1022 Aether
343 961 482 1060 videQr
482 979 631 1024 summus
654 962 734 1029 deus
756 973 862 1025 mente
883 961 1075 1043 praeditus«
1097 963 1140 1024 N.
1149 963 1188 1033 D
1205 961 1232 1038 l,
1244 959 1297 1022 14·

50 1069 188 1150 „Atque
211 1069 261 1130 hie
282 1066 364 1130 idem
389 1068 475 1150 [Zen
468 1068 514 1162 o]
539 1070 600 1132 alio
623 1073 692 1134 loeo
714 1071 846 1133 aethera
867 1069 960 1132 deum
985 1069 1078 1145 dicit,
1116 1069 1146 1128 si
1165 1065 1298 1148 intelligi

48 1176 160 1255 possit
180 1176 255 1235 nihil
277 1176 419 1238 sentiens
438 1177 530 1256 depo,
553 1179 625 1240 aliis
646 1187 753 1242 autem
775 1180 860 1240 libris
880 1179 1033 1242 rationem
1063 1175 1220 1259 quandam
1241 1194 1298 1258 per

50 1304 183 1346 omnem
207 1293 349 1346 naturam
371 1305 474 1348 rerum
496 1289 703 1367 pertinentem
723 1288 757 1349 vi
778 1287 885 1350 diviua
905 1305 981 1350 esse
995 1285 1155 1349 adfectam
1176 1291 1298 1364 putato

51 1392 111 1472 ΙΙΙ,
143 1392 198 1452 14:
223 1391 358 1453 ”Omnia
370 1394 470 1456 Stoici
486 1395 653 1480 solentad,
670 1397 830 1480 igneam
855 1397 930 1477 nim
945 1395 1076 1477 referre,
1087 1392 1296 1472 Heraclitum,

48 1506 86 1560 ut
108 1499 234 1581 opinor,
254 1509 456 1594 sequentesn
478 1503 570 1566 Haec
590 1507 687 1584 igitur
708 1509 805 1588 ignea
827 1509 892 1584 vis,
914 1507 1031 1590 igneus
1049 1503 1102 1564 ille
1123 1500 1219 1582 vigor
1239 1517 1298 1560 se-

50 1607 194 1671 minibus
215 1611 277 1672 illis
299 1631 415 1693 rerum,
452 1633 535 1696 quae
556 1617 747 1678 Plutarchus
769 1618 810 1696 pl.
831 1615 883 1698 ph.
906 1618 935 1697 l,
956 1615 986 1678 7.
1018 1600 1093 1687 σούς
1113 1627 1297 1693 nunonem·

50 1705 131 1815 κούς
156 1705 271 1804 λόγους
289 1721 452 1784 nominare
472 1722 613 1798 videtur,
635 1728 813 1787 eommunis
834 1732 885 1786 est
905 1730 1039 1805 tantum,
1061 1721 1125 1802 Vl,
1144 1716 1225 1780 731:

530 1833 692 1909 Quantum
712 1854 777 1896 non
796 1838 898 1895 nocio
918 1851 1054 1912 corporo

142 1937 334 2018 Terrmipne
360 1941 617 2003 montanianus
636 1943 885 2021 moribundaque
903 1942 1049 2004 ιιιινιιδνσ.

48 2042 179 2107 Nescio
210 2063 252 2106 an
288 2055 384 2128 poeta
409 2047 460 2108 hie
491 2047 722 2136 quodammodo
752 2067 773 2110 a
801 2046 914 2130 regulo
951 2047 1081 2126 Stolos,
1123 2046 1165 2110 ad
1203 2065 1297 2130 quam

51 2161 84 2214 et
107 2153 182 2236 ipsa
203 2153 307 2215 anima
329 2170 483 2237 corporea
506 2163 584 2230 erat,
608 2155 776 2235 deflectat,
798 2163 832 2216 et
857 2154 1111 2218 Platonicam
1143 2155 1296 2219 rationem
1378 2198 1381 2204 -

51 2271 183 2346 quatur,
205 2281 301 2343 quum
324 2280 455 2342 corpora
476 2269 652 2344 tantopere,
683 2270 717 2324 ut
736 2261 925 2324 deteriorem
955 2262 1054 2324 nostri
1082 2269 1215 2341 partem,
1234 2281 1295 2325 se-

53 2382 178 2436 cernat.
201 2372 270 2437 Sed
292 2372 392 2434 Stoici
414 2391 537 2455 quoquo
560 2372 795 2454 distinguebant
816 2373 897 2434 inter
918 2371 1009 2452 illud,
1046 2371 1130 2454 quod
1152 2366 1299 2451 διαμένει

52 2479 108 2544 καὶ
133 2468 306 2559 αὐξάνεται
326 2476 381 2542 καὶ
399 2476 551 2562 μειοῦται
572 2489 605 2542 et
624 2481 706 2542 iuter
727 2457 815 2558 illud,
834 2479 918 2560 quod
939 2467 993 2541 niel
1012 2475 1067 2564 ῥεῖ
1086 2474 1141 2540 καὶ
1161 2475 1299 2565 φέρεται

52 2578 130 2676 μήν’
150 2575 328 2670 αὐξόμενον
348 2576 431 2674 μήτε
451 2575 641 2670 μειούμενον
661 2575 744 2672 μήτε
766 2579 850 2661 όλιος
875 2575 944 2650 οἷόν
969 2582 1039 2651 ἐστι
1065 2584 1224 2670 διαμένον,
1247 2589 1298 2651 di-

52 2698 266 2782 stinguebant
285 2698 365 2760 inter
386 2713 503 2776 corpus
526 2705 558 2756 et
579 2695 725 2758 animam.
748 2694 817 2757 Sed
835 2694 968 2777 gravius
989 2701 1052 2775 est,
1063 2693 1147 2775 quod
1167 2712 1210 2756 ex
1218 2711 1297 2755 seo·

52 2826 149 2872 suum
170 2823 397 2888 corporumque
419 2803 608 2867 mortalitate
625 2803 698 2864 oriri
719 2801 795 2865 dicit
815 2809 911 2883 poeta
929 2801 990 2882 Vl,
1010 2798 1091 2865 733·

135 2916 223 2978 Ilion
242 2919 421 2976 metuant
445 2916 691 2992 cupiantque,
719 2911 862 2973 dolent
885 2911 1156 2991 pendentque,
1190 2875 1294 2990 ιιιηιιι

957 3035 1057 3080 aaran

136 3138 321 3214 Dieptotunt
341 3133 472 3193 clausae
492 3125 629 3190 tenebris
648 3134 682 3189 et
702 3147 832 3190 earnm
851 3145 952 3192 ασεσο.

55 3271 218 3350 Quattuor
238 3250 334 3346 πύθη
369 3245 529 3340 metum,
558 3257 842 3341 cupiditatem,
875 3257 1069 3331 dolorem,
1105 3255 1295 3338 gaudium

55 3378 115 3442 hoc
137 3379 208 3439 loeo
230 3379 403 3435 memorata
424 3369 529 3451 vides,
552 3369 666 3449 quibus
687 3370 829 3430 caecitas
851 3375 883 3428 et
908 3365 1067 3428 hebetudo
1091 3365 1191 3453 omnis
1225 3363 1293 3424 hu-

54 3505 148 3550 mana
172 3483 298 3546 oriatur.
321 3480 413 3544 Unde
433 3479 515 3548 haec
537 3477 678 3539 doctrina
700 3475 836 3544 fluxerit,
861 3475 1000 3538 Servius
1019 3480 1141 3534 namet:
1170 3471 1295 3532 »Varro

56 3604 87 3656 et
109 3608 221 3654 omues
242 3587 420 3669 philosophi
442 3586 561 3664 dieunt,
584 3592 732 3667 qrrattuor
747 3601 823 3644 esse
844 3582 1022 3662 passiones,
1052 3579 1134 3641 duas
1155 3595 1175 3637 a
1202 3577 1295 3638 bonis

56 3699 192 3783 opinatis
215 3705 247 3758 et
267 3693 346 3759 duas
367 3713 387 3755 a
408 3694 498 3755 malis
520 3693 656 3774 opinatis
679 3689 783 3753 rebus.
824 3689 909 3750 Nam
932 3687 1072 3748 dolere
1094 3694 1127 3748 et
1156 3685 1296 3746 timere

57 3811 140 3874 duae
162 3805 326 3886 opiniones
345 3804 448 3865 malae
470 3809 556 3882 sunt,
579 3819 641 3861 uua
662 3797 850 3879 praesentis,
871 3796 931 3858 alia
958 3794 1069 3876 futuri,
1092 3797 1169 3856 item
1188 3811 1296 3876 gau-

57 3919 152 3982 dere
173 3921 206 3976 et
225 3930 367 3992 cupere
391 3912 557 3990 opiniones
578 3908 681 3970 bonae
703 3913 791 3983 sunt,
806 3922 866 3965 una
888 3900 1076 3984 praesentis,
1098 3899 1296 3962 alietatum«

58 4025 289 4088 Verumtamen
310 4039 405 4101 quum
429 4019 609 4082 Stoicorum
630 4015 724 4078 fuerit
736 4015 861 4076 virtutis
882 4010 1115 4094 quadripartitio
1126 3996 1294 4095 φρόνησις,

58 4113 262 4214 σωφροσύνη,
282 4115 425 4211 ἀνδρεία,
446 4111 641 4207 δικαιοσύνη,
669 4124 753 4185 hauc
781 4141 907 4203 quoque
934 4120 1116 4184 adfectuum
1145 4138 1189 4181 ex
1219 4118 1298 4199 ipsis

58 4239 204 4302 haustam
217 4253 304 4316 esse,
327 4255 423 4319 quum
445 4235 548 4298 omnia
569 4252 638 4296 eum
662 4241 951 4328 eorumsecta'tarn
973 4226 1206 4308 mireeopulata
1220 4226 1297 4305 sint,

59 4344 287 4425 suspicandum
308 4346 375 4407 erit.
417 4345 524 4426 Atque
546 4360 659 4404 revera
689 4339 823 4404 eandem
852 4339 977 4402 invenio
1005 4334 1089 4419 apud
1119 4336 1296 4418 Diogenem

60 4455 226 4517 [laertium
265 4453 339 4520 Vll.
376 4457 403 4526 §.
436 4450 511 4512 110:
559 4444 629 4512 Τονν
673 4441 711 4510 δὲ
750 4440 872 4507 nudum
912 4465 954 4507 τα
994 4430 1165 4520 domiuo,
1198 4427 1295 4502 neda

61 4577 159 4646 φησιν
177 4546 360 4622 ‘Eruitur
342 4581 375 4622 εν
397 4580 444 4641 τῳ
431 4542 608 4643 δευτερῳ
629 4549 707 4638 περὶ
727 4548 860 4629 παθῶν,
880 4546 935 4614 καὶ
958 4537 1070 4635 Ζήνων
1097 4543 1132 4612 ἐν
1150 4569 1197 4630 σῳ
1183 4542 1297 4632 περὶ

64 4659 369 4758 παθῶν,εἶναιμὲνη
391 4659 531 4756 τέτταρα
549 4656 693 4753 λύπην,
714 4652 853 4750 φόβον,
874 4656 1115 4743 ἐπιθυμίαν,
1141 4645 1295 4777 ηδονην.

66 4782 207 4864 Quorum
226 4768 313 4866 λύπη
333 4783 457 4860 doleat,
478 4763 598 4864 φόβος,
628 4784 789 4858 metuunt,
823 4764 988 4852 ἐπιθυμία
1019 4773 1176 4864 ειηνὸιιιιι,
1196 4752 1296 4849 ηδόνη
