3000 5184
213 149 259 226 ‘st
388 175 396 217 Ἀ
493 120 1190 258 Deplraretra‚sagittis-arcuque.

216 344 342 450 gladius
363 349 415 410 val
438 350 535 432 pugio
557 351 760 435 cogitandus,
772 354 814 416 ita
836 364 871 417 ut
891 345 926 415 ‘dr
946 345 1003 417 deri
1022 352 1114 420 'rivola
1134 358 1181 420 sit
1196 355 1403 420 statuendum
1421 393 1465 403 -

211 465 295 518 'veru
319 459 400 520 enim
433 477 624 523 amucrnno
654 479 781 544 semper
811 463 909 527 distat
929 497 970 510 -·
990 466 1049 528 sed
1071 467 1164 528 hasta
1188 467 1381 530 Samnitium
1404 474 1460 527 est

199 565 428 656 intelligenda.
462 567 512 632 ct.
535 570 665 632 Paullus
688 591 729 633 ex
753 573 865 635 Vento:
905 576 1094 656 „Samnites
1116 579 1156 640 ab
1175 578 1279 640 lrastis
1301 579 1461 656 appellati

94 709 95 712 =
172 674 175 684 ’
214 683 308 754 suot,
331 693 411 756 quas
434 673 551 738 Graeci
572 665 686 738 σαύνια
706 682 883 761 appallaot3
904 683 963 744 lras
984 685 1065 747 oraim
1088 684 1162 746 torri
1184 685 1304 746 assueti
1328 684 1464 747 erant.“

215 785 333 860 (Poeta
356 783 478 867 Georg.
506 789 546 863 ll,
581 789 647 852 iffi.
692 791 822 851 Volscos
855 799 981 852 aeratae
1009 798 1197 865 memorat.)
1238 793 1343 871 Ortum
1379 813 1464 854 vero

64 863 89 940 'v‘
160 911 181 978 J
215 893 327 955 collem
347 900 431 956 teste
460 905 572 957 veruta
595 897 655 975 pila
682 897 844 969 dicautur,
877 898 960 978 quod
982 902 1080 961 veluti
1101 916 1202 962 verua
1221 899 1339 961 habent
1360 921 1460 982 prae-

215 1003 289 1079 flxa,
314 1003 474 1066 coniicoro
495 1006 613 1084 potoris
635 1024 714 1067 voru
738 1007 898 1068 Sabellum
921 1007 1015 1088 pilum
1039 1026 1135 1089 esse,
1155 1007 1199 1069 ita
1220 1016 1253 1070 ut
1273 1010 1355 1071 alter
1378 1030 1460 1071 ver-

54 1139 65 1160 ·
137 1179 139 1186 ,
167 1191 168 1194 Ἴ
213 1129 272 1173 sus
292 1111 403 1174 cadem
436 1131 525 1175 artua
548 1113 714 1194 exhibeat,
747 1134 829 1195 quae
858 1116 960 1195 prior,
1005 1124 1100 1197 atque
1128 1120 1254 1198 integra
1294 1122 1462 1178 sententia

214 1219 284 1282 aliis
296 1219 402 1282 verbis
424 1223 562 1282 iteretur.
595 1222 731 1282 Servius
752 1234 918 1286 menrorat:
939 1223 1244 1305 „cantuariorum
1264 1244 1320 1304 per
1336 1232 1461 1287 teretes

162 1389 165 1398 ,
215 1345 382 1393 mucrones
404 1329 535 1392 dolones
557 1326 634 1405 dici,
657 1349 712 1411 per
733 1350 813 1392 vern
836 1331 1001 1393 Sabellum
1023 1333 1084 1412 pila
1107 1330 1311 1412 significari.“
1358 1333 1461 1394 Atta·

213 1457 285 1502 men
314 1441 377 1504 talc
404 1427 438 1498 ἓν
466 1425 523 1498 dani
551 1433 641 1498 δυοῖν
669 1440 886 1518 Vergilianum
923 1458 963 1502 ac
991 1443 1059 1504 tere
1088 1441 1264 1504 Romanum
1296 1459 1376 1504 csse
1404 1444 1461 1503 vix

209 1547 319 1611 credo.
361 1545 416 1608 Nil
436 1547 530 1629 igitur
549 1555 666 1622 restat,
696 1547 755 1609 nisi
777 1557 812 1608 ut
831 1557 1019 1621 statuamus,
1041 1567 1153 1610 revera
1175 1556 1322 1630 quattuor
1344 1567 1458 1610 armo-

212 1673 279 1716 rum
302 1673 421 1736 gonera
441 1673 462 1715 a
482 1655 674 1734 poetahisce
695 1656 818 1736 populis
838 1656 940 1724 tribui,
952 1657 1059 1738 pilum,
1081 1657 1164 1738 quod
1185 1658 1322 1731 mittitur,
1342 1656 1457 1720 deinde

213 1765 357 1824 dolonem
382 1763 544 1837 minorum,
569 1780 749 1822 mucronum
772 1764 931 1841 maiorem,
947 1763 1070 1824 hastam
1084 1764 1220 1844 denique
1235 1765 1455 1831 Samniticam.

213 1877 249 1934 ln
270 1871 481 1935 monumentis
501 1873 616 1933 milites
641 1872 774 1935 Romani
794 1875 956 1935 exercitus
977 1874 1107 1954 saepius
1125 1873 1215 1934 vides
1238 1872 1365 1934 duobus
1378 1895 1452 1936 mu-

212 1981 360 2043 cronibus
383 1978 593 2060 magnitudine
614 1978 750 2040 divorsis
771 1982 823 2041 vel
845 1983 916 2041 ensi
937 1999 976 2042 ac
997 1997 1146 2041 mucrone
1166 1988 1314 2041 armatos.
1351 1983 1405 2045 lta
1425 1985 1455 2044 ia

212 2090 337 2152 duabus
358 2088 516 2169 lapidibus
538 2091 638 2149 rnusei
661 2088 839 2178 Bonneopis
857 2088 1025 2167 antiquarii
1046 2087 1198 2150 Rhodani.
1215 2132 1218 2138 ·
1237 2084 1322 2151 Vide
1344 2091 1452 2170 picta·

211 2215 279 2258 ram
301 2197 330 2256 in
357 2195 559 2258 Cerrtralmns
592 2195 697 2256 rheiul.
732 2195 1454 2278 losohriftop11,tt.etdnsoriptlonomlt,

215 2304 416 2385 Saepissime
436 2315 525 2367 vero¹
538 2306 628 2367 vidos
649 2307 679 2366 io
701 2303 847 2368 columna
870 2305 1016 2367 Traiana.

783 2521 890 2615 par.

487 2685 545 2741 lle
563 2687 773 2757 pharetra,
790 2683 960 2755 uoelttls
971 2694 1167 2751 arcuque.

295 2855 402 2917 Minus
430 2855 574 2918 honorati
602 2855 686 2936 apud
718 2854 892 2916 Homerum
926 2840 1020 2915 Locri
1046 2859 1209 2933 apparent,
1242 2849 1294 2934 qui
1325 2850 1449 2930 sagittis

213 2963 335 3021 eminus
356 2959 507 3044 puguant.
551 2947 671 3024 Mansit
692 2953 882 3044 ossero‘apud
912 2964 1062 3044 plurimos
1091 2959 1288 3042 antiquitatis
1318 2959 1448 3041 populos

213 3065 432 3147 pharetrae
459 3070 560 3130 hortos
588 3080 619 3130 et
647 3089 741 3143 usus,
775 3071 818 3132 ita
845 3079 879 3131 ut
900 3072 927 3130 si
951 3067 1075 3149 quaudo
1097 3068 1156 3148 ipsi
1178 3082 1255 3128 arcu
1277 3086 1340 3127 non
1363 3075 1448 3128 eraut

211 3173 372 3256 insignus,
402 3174 601 3238 barbarorum
624 3177 808 3256 sagittarios
830 3182 1039 3237 arcesserent.
1085 3173 1276 3254 Praesertim
1306 3177 1449 3239 fabuloso

200 3281 264 3342 ‘illa
287 3279 486 3344 Amazonum
509 3298 587 3361 gens
610 3281 669 3342 lrac
698 3289 767 3342 arte
797 3289 864 3342 erat
893 3281 1060 3342 celebrata.
1113 3281 1191 3343 lude
1218 3282 1349 3344 Aeneas
1377 3302 1447 3363 pro·

214 3389 301 3468 ponit
324 3387 506 3448 certaminis
527 3391 698 3467 praemium
721 3389 833 3448 victori
855 3388 943 3448 alteri
969 3385 1011 3466 V,
1034 3384 1114 3448 3ll:

296 3496 553 3557 Amazoniam
572 3495 808 3570 pharetram
828 3496 1018 3573 plenamque
1038 3499 1168 3572 capillis,

302 3603 467 3681 Threiciis,
488 3604 552 3663 lato
573 3621 668 3682 auam
690 3603 960 3678 circumplectitur
982 3623 1060 3662 aura

300 3714 440 3786 Balteus,
464 3715 606 3771 alterati
625 3711 784 3770 subnectit
799 3709 896 3787 fidula
914 3729 1047 3785 aemma.

2 3782 10 3909 l
66 3871 68 3878 .
106 3815 109 3821 “
215 3820 341 3882 'l’roiaoi
359 3821 509 3881 mirantur
532 3818 653 3879 Volsca
674 3817 714 3880 de
736 3827 834 3898 geute
857 3817 1023 3884 Camillam
1049 3817 1122 3901 Vll,
1143 3818 1223 3886 stt„
1248 3840 1332 3901 quae
1358 3822 1443 3905 qnasi

8 3934 9 3943 ’
111 3925 115 3936 ’
217 3930 417 3990 Amazonum
441 3928 588 3989 ltalarum
610 3925 673 3987 dux
690 3936 724 3986 ot
745 3928 856 4008 regina
880 3935 947 3988 est:

501 4033 664 4111 Lyciam
685 4040 722 4093 ut
739 4043 834 4112 perat
853 4041 924 4109 ipsa
942 4039 1194 4115 pharetram.

217 4145 270 4206 ubi
291 4163 403 4206 revera
425 4147 531 4226 populi
554 4145 734 4228 orientalis,
767 4163 828 4204 non
851 4146 962 4205 ltalia
984 4154 1077 4225 poeta
1099 4165 1188 4206 arma
1207 4155 1284 4208 sunt
1305 4149 1442 4212 indicata

216 4257 321 4317 Arcas
341 4255 423 4314 anim
444 4253 594 4315 Evander
615 4250 657 4313 de
680 4251 821 4339 Anchise
842 4263 949 4314 narrat
970 4253 1063 4327 Vlll,
1087 4252 1163 4314 166:

299 4361 361 4423 Illa
381 4362 461 4420 mihi
478 4363 635 4437 iactantem
655 4361 841 4436 pharetram
861 4362 892 4424 L
898 4369 1083 4442 uetusque
1102 4368 1194 4440 aopi
1200 4371 1286 4424 ttae

299 4469 476 4531 Discedens
497 4467 756 4545 chlamydemque
775 4487 854 4528 aura
875 4471 962 4529 dertit
980 4475 1195 4531 intertextam.

218 4605 269 4666 De
292 4603 377 4668 ludis
400 4599 586 4681 cl.,Georg.
609 4602 647 4676 ll,
674 4603 748 4664 125:

301 4708 348 4776 m
365 4731 447 4789 peras
468 4709 525 4770 illa
546 4711 669 4788 pardem
690 4716 825 4789 sumptis
844 4717 1022 4775 nectardo
1041 4717 1270 4794 pharetris.
