3000 5184
210 207 273 272 Ν
472 264 477 272 ,
631 205 687 266 De
708 201 813 266 crtis
835 197 1037 282 operibus.

423 452 425 457 ,
826 382 948 446 Pocula
965 398 1082 461 ponam

284 484 428 576 'Papira
454 496 609 557 cnelnlrom
629 496 728 556 dimna·
744 515 823 572 epae
846 493 1093 558 Alcimedontis:

292 607 396 669 Imm!
416 605 531 685 patino
549 609 639 664 torno
656 603 748 682 sacili
773 589 975 679 superaddita
1005 601 1077 660 citis
1184 659 1186 664 ,

220 702 223 709 ’
291 716 432 793 Diffusus
452 713 570 772 hedera
589 715 683 772 vestit
697 709 838 787 pallente
859 707 1028 784 corymbos.

286 809 332 882 'In
352 821 450 881 merlin
471 821 532 880 dac
549 822 655 899 αἱμα,
675 817 795 896 Conon,
818 823 850 876 et
869 847 909 860 -··
929 819 1002 895 quic
1019 816 1084 892 fnit
1105 811 1196 889 alter,
1269 799 1273 818 ¹

291 929 472 1004 Descripsit
489 927 577 985 radio
598 931 695 986 totam
716 929 772 1004 qni
788 926 937 1001 pentilus
958 923 1076 999 erlem,

296 1035 446 1112 Tempora
468 1053 548 1112 qnae
568 1052 699 1106 messor,
723 1051 804 1112 qnae
826 1051 939 1092 cnrccs
960 1035 1068 1090 arator
1086 1023 1237 1090 nucereti

212 1141 305 1220 Quod
327 1142 433 1224 fagina
454 1143 545 1227 Mero
569 1139 659 1222 lingit
680 1139 794 1222 pocula
816 1139 871 1198 viti
893 1137 1073 1218 hedernque
1094 1135 1214 1196 vestite
1233 1128 1299 1205 (cf.
1322 1127 1444 1189 Monu-

212 1251 307 1312 meuti
336 1249 440 1312 inediti
467 1248 537 1311 dcll'
551 1248 703 1309 institutio
730 1245 911 1326 archcolog.
934 1242 1006 1305 Vol.
1028 1243 1083 1306 III.
1105 1242 1183 1304 nah:
1204 1241 1248 1312 5.)
1270 1237 1447 1321 figurisque

212 1357 353 1422 Cononis
374 1364 406 1418 et
426 1355 554 1418 Eudoxi
574 1358 627 1418 vel
649 1353 850 1416 Archimedis
870 1351 1030 1432 insignite,
1054 1358 1127 1412 ente
1147 1350 1257 1411 ocules
1274 1347 1389 1409 neseio
1404 1363 1444 1406 en

210 1464 358 1527 hebuerit
374 1465 473 1525 rarius
493 1463 620 1546 aliquod
640 1481 734 1543 opus,
757 1463 903 1543 quamvis
926 1458 1043 1536 Plinius
1067 1459 1110 1519 N.
1133 1458 1172 1518 H.
1195 1454 1297 1534 XVI,
1320 1455 1371 1518 48.
1392 1451 1445 1513 di-

211 1577 277 1651 cat,
300 1589 369 1632 earn
391 1569 533 1631 arborem
556 1569 718 1631 sectilibus
741 1566 863 1628 leminis
884 1566 915 1626 in
935 1564 1019 1626 tenui
1042 1562 1188 1636 heredem,
1211 1565 1385 1643 capsisque
1407 1578 1446 1621 ec

149 1655 152 1665 “
210 1675 335 1738 scriniis
355 1678 457 1740 solun
478 1679 586 1738 utilem
609 1695 692 1739 esse.
733 1674 841 1737 Potuit
862 1675 943 1735 eniur
955 1672 1140 1736 Alcimedon
1155 1671 1211 1734 'ille
1233 1672 1339 1734 intuli
1361 1689 1446 1752 quo-

211 1801 273 1869 que
296 1784 425 1844 metetis
436 1783 590 1864 quaedem
610 1783 735 1864 scalpro
747 1781 880 1845 coelare.
903 1779 1000 1843 Addit
1011 1783 1184 1843 Damoetas
1194 1777 1308 1861 llclog.
1319 1775 1445 1858 111,lt,=

293 1892 341 1953 Et
358 1892 448 1951 neiis
468 1893 549 1951 idem
570 1890 753 1952 Alcimedon
774 1892 835 1950 dero
854 1890 967 1968 pocula
984 1891 1072 1968 fecit,

293 1998 341 2058 Et
359 1998 447 2057 molli
463 2003 615 2057 circnmst
636 2017 735 2058 ansas
756 1998 924 2075 amplectae
945 1996 1093 2066 acantho,

294 2105 483 2185 Orpheaque
501 2109 534 2164 in
555 2106 653 2164 medio
671 2107 781 2181 posuit
799 2103 959 2185 silvasque
978 2106 1150 2182 sequentia.

213 2241 285 2303 Alie
305 2246 438 2320 argento
457 2238 579 2299 caelato
599 2235 752 2318 promittit
774 2236 860 2298 Iulus
882 2235 937 2310 IX,
961 2233 1038 2298 263:

295 2354 379 2415 Bina
399 2349 477 2409 dabo
497 2351 627 2422 arpente
643 2346 787 2423 perfecta
808 2345 910 2424 adque
930 2363 1044 2422 aspera
1066 2347 1171 2422 sipnic

294 2459 428 2540 Pocula,
450 2459 571 2517 devicta
591 2458 715 2531 qenitcr
734 2472 816 2532 qnae
837 2455 919 2527 cepit
939 2451 1066 2514 Aricia.

214 2567 340 2632 Pastori
359 2585 420 2628 non
440 2573 515 2624 note
535 2568 609 2623 sunt
629 2578 739 2623 curum
760 2559 945 2642 lapidesque
967 2561 1035 2624 Cul.
1056 2563 1112 2626 65:
1201 2617 1203 2622 ,

579 2668 650 2729 Nec
667 2667 782 2745 pocula
800 2673 929 2742 pratum

294 2779 428 2842 Alconis
448 2777 589 2854 reserent
610 2776 765 2854 Boetiqnc
779 2781 929 2834 toreuma.

213 2888 263 2950 De
285 2886 398 2969 quibus
417 2881 588 2946 artificibus
607 2881 668 2943 iam
688 2884 876 2960 interpretes
899 2879 1065 2944 laudarunt
1086 2880 1165 2944 Pliu.
1178 2881 1219 2943 N.
1231 2880 1273 2942 Η.
1288 2883 1444 2959 XXXIV,

209 2995 266 3056 114:
290 2994 370 3053 ”Est
389 2991 422 3051 in
442 2991 555 3051 eadem
576 2989 652 3051 urbe
673 2989 795 3050 ferreus
816 2990 982 3070 Hercules,
1005 3008 1096 3070 quern
1117 2988 1193 3051 fecit
1216 2987 1332 3071 Alcon,
1352 2991 1444 3054 lebo-

212 3117 279 3162 rurn
300 3097 353 3160 dei
373 3097 523 3177 patientia
544 3095 718 3158 inductus„
741 3095 897 3177 XXXIII,
916 3095 976 3157 55:
1007 3095 1182 3175 „morsum
1208 3095 1304 3158 hodie
1330 3095 1442 3178 opere]

205 3205 327 3269 Boethi
361 3202 442 3285 apud
470 3202 613 3265 hiudiem
641 3205 860 3268 Minervium«
902 3204 1097 3266 Memoretur
1132 3204 1227 3266 etIem
1254 3203 1286 3264 iu
1312 3204 1444 3268 Aeneae

209 3311 313 3392 clipeo
332 3311 423 3390 VIII,
443 3309 523 3374 701:
551 3311 684 3371 Mavors
704 3312 845 3372 caelatas
861 3313 960 3390 serre.
1004 3309 1099 3389 Quod
1111 3323 1139 3372 'e
1160 3310 1244 3372 ferro
1266 3309 1345 3375 dixit
1367 3331 1443 3376 cse-

208 3421 327 3498 Ietum‚
349 3421 417 3482 eius
438 3419 483 3480 rei
505 3422 623 3482 rariore
641 3426 715 3480 ente
735 3417 846 3481 oculos
866 3421 968 3499 potuit
993 3417 1111 3481 hebere
1140 3416 1304 3498 exempla3
1331 3418 1445 3480 accim

207 3547 271 3591 uon
292 3527 395 3591 solum
415 3526 550 3588 ferreum
571 3526 654 3588 illurn
672 3525 842 3589 Herculem
864 3534 1017 3588 memoret
1030 3526 1152 3588 Plinius
1173 3525 1215 3588 Ν.
1232 3523 1272 3586 II.
1283 3522 1443 3601 XXXIV,
1485 3591 1486 3598 χ

210 3636 258 3700 14.
279 3653 336 3698 nes
356 3635 539 3717 ferrumque
559 3635 691 3697 mistum
712 3635 753 3698 eb
775 3633 979 3718 Aristcuidn,
1009 3633 1193 3698 sed-addit:
1227 3634 1289 3696 siit
1321 3631 1442 3696 Romae

88 3742 90 3749 “
209 3740 353 3823 scyphos
374 3760 393 3801 e
415 3741 499 3806 ierro
523 3738 648 3803 dicatos
678 3741 848 3822 intemplo
877 3742 990 3806 Marus
1014 3742 1159 3807 Ultoris«
1200 3745 1319 3825 Neque
1348 3755 1443 3822 prce·

209 3847 361 3911 tereunde
382 3865 455 3909 esse
475 3846 550 3909 duxi
571 3850 651 3910 Aen.
672 3851 706 3932 1,
726 3849 805 3912 6403

287 3958 408 4034 lupeno
428 3941 595 4033 arpentum
614 3961 734 4018 mensch
756 3953 942 4040 caelataque
962 3964 997 4022 in
1018 3981 1118 4024 aare

290 4062 401 4123 Fortia
418 4064 510 4141 facta
529 4069 668 4141 petram.

207 4172 251 4253 Υ,
273 4172 350 4236 3673
372 4174 594 4254 caelatamque
615 4181 782 4251 arqento
804 4176 976 4258 bipinnem,
1007 4192 1101 4256 porro
1122 4169 1200 4236 5663
1230 4171 1368 4236 Cratera
1386 4176 1437 4234 in·

202 4300 351 4364 pressum
370 4284 483 4359 siquis,
506 4282 546 4355 Il,
567 4279 643 4344 765:
664 4280 816 4344 Crateras
838 4303 916 4344 aare
936 4283 1064 4365 solides,
1086 4285 1145 4366 ΙΙΙ,
1167 4281 1245 4345 4663

284 4388 406 4465 Inpeno
426 4395 594 4466 arpentum
612 4389 862 4471 Dodonaeosque
882 4391 1009 4454 lebetas.

206 4499 336 4560 Aeneas
357 4493 400 4570 V,
419 4493 501 4556 266:
528 4484 531 4490 ’

147 4634 150 4639 ·
206 4685 210 4690 .
290 4605 394 4668 Tertia
418 4605 501 4664 dona
516 4607 602 4685 facit
617 4609 761 4683 penninos
780 4627 825 4668 ea·
845 4626 919 4668 nere
940 4605 1069 4689 lebetas,

285 4711 475 4791 cymbiaque
493 4719 623 4789 arpenta
641 4716 786 4793 perfecta
806 4715 909 4795 adque
932 4733 1048 4794 aspera
1067 4716 1179 4794 ciarrir.
1244 4779 1247 4786 ,
