3000 5184
542 208 623 269 .llc
643 210 799 291 populo.
1258 213 1302 277 ¹5

39 391 166 455 batam.
210 390 317 453 llnins
336 388 449 452 indolis
470 385 542 451 Tuon
569 392 673 455 solem
687 396 855 454 orationes
874 386 976 455 testes
996 400 1071 455 sunt
1084 392 1245 459 tenebras
1266 398 1298 459 in

40 501 190 581 gloriam
212 499 366 560 maiorum
386 496 525 579 habitae,
545 496 605 559 secl
622 500 719 583 longa
737 503 912 579 praecipue
932 517 1064 563 avorum
1080 506 1195 587 senes,
1216 522 1301 586 quo-

39 628 114 669 rnm
137 608 299 689 imagines
318 612 446 667 ceratas
466 605 499 666 in
517 603 599 667 atrio
619 605 802 669 servabant.
852 604 1039 669 Secundum
1057 609 1229 691 vestigium
1249 621 1301 675 ost

40 718 127 792 ιιιι,
149 715 233 780 cre:
881 696 883 703 ’

133 824 277 885 Arcada-
289 827 437 902 piscosae
457 826 513 883 cui
533 827 656 885 circam
673 824 809 901 flama
829 822 958 883 Lerna

133 932 207 993 Ara
223 934 336 1011 fuerat
352 950 539 1010 pauperque
558 933 683 1012 domm,
704 950 764 991 neo
784 938 859 992 noto
878 941 1084 1011 potentum

102 1056 106 1064 ·
133 1042 182 1109 M
183 1060 337 1116 caera,
358 1043 577 1120 conductaque
593 1048 687 1119 puter
708 1040 823 1100 tellure
841 1042 975 1103 serebat.

42 1167 111 1227 qno
134 1156 235 1227 poeta
257 1166 428 1228 pauperem
449 1146 555 1208 civem
577 1145 732 1227 delineat,
770 1146 822 1207 cui
849 1166 983 1209 munna
1008 1156 1170 1227 paternam
1197 1152 1303 1217 adhuc
1418 1152 1422 1161 '

42 1258 113 1317 sint
137 1257 311 1339 incognita.
354 1256 539 1318 Posteriora
561 1254 697 1317 Servius
719 1255 801 1319 falso
825 1257 977 1337 explicat:
1008 1256 1198 1341 „obsequia‚
1220 1280 1303 1343 quae

43 1382 214 1443 pauperes
235 1364 388 1426 divitibus
409 1364 481 1426 loco
503 1382 666 1427 munerum
686 1358 851 1428 solvunt.“
888 1364 994 1425 Primo
1016 1366 1098 1427 enim
1122 1367 1303 1432 observan-

45 1473 127 1534 dum
152 1481 218 1545 est,
244 1472 410 1534 Maronem
429 1470 592 1553 indignum
613 1471 731 1553 aliquid
750 1478 870 1546 notare,
897 1471 982 1554 quod
1002 1474 1084 1535 civis
1105 1474 1157 1537 ille
1179 1476 1304 1540 medio·

59 1582 191 1657 ·‚f{;·loco
212 1591 307 1642 natus
326 1578 464 1651 nondum
486 1580 517 1640 in
537 1596 577 1641 se
597 1578 798 1642 commiserit.
843 1578 1020 1659 Pauperem
1049 1600 1127 1643 vero
1153 1584 1304 1668 obsequia

44 1690 157 1764 „aitiori
183 1696 349 1769 praestare
356 1731 366 1767 ,
406 1686 521 1749 nullam
549 1706 606 1768 per
633 1705 671 1747 aa
699 1688 728 1748 in
751 1686 953 1767 praebentem
983 1693 1203 1755 contumeliam
1224 1716 1304 1760 cou-

48 1798 166 1877 trabit3
197 1782 313 1859 deinde
333 1815 447 1859 revera
468 1805 600 1858 munera
621 1795 693 1876 dat,
729 1816 825 1878 quum
853 1818 965 1883 agrum
993 1799 1184 1866 conductum
1205 1805 1301 1891 colat,

50 1904 183 1967 domino
189 1904 308 2002 igitur
336 1903 423 1965 fundi
452 1906 617 1985 pecuniam
647 1906 702 1966 vel
728 1905 841 1987 fruges
870 1906 998 1969 solvere
1018 1908 1121 1989 ipsum
1144 1922 1305 1995 oporteat3
1373 1950 1375 1959 ι
1407 1927 1409 1933 ’

50 2014 195 2096 denique
216 2031 348 2074 munera
370 2033 431 2075 non
453 2020 527 2074 suut
550 2013 705 2093 obsequia
725 2013 797 2075 loco
819 2033 1003 2095 munerum,
1036 2015 1094 2078 sed
1118 2015 1209 2081 dona.
1253 2022 1306 2086 Cf.

52 2124 137 2184 Aen.
161 2124 191 2201 1,
220 2120 291 2183 cett
317 2121 390 2182 V.ll
421 2121 492 2183 244.
522 2123 691 2183 Potentiam
712 2140 846 2184 marcere
875 2140 953 2204 ergo
974 2123 1057 2186 dona
1080 2144 1100 2187 a
1121 2128 1304 2208 potentibus

51 2231 129 2293 data
152 2231 343 2313 pauperibus
362 2230 554 2315 significant.
597 2230 713 2312 Tangit
733 2239 839 2313 poeta,
861 2240 895 2293 ut
916 2233 1015 2294 verbo
1038 2232 1150 2319 dicam,
1174 2226 1302 2322 tempo.

51 2360 121 2400 rum
151 2337 283 2400 snorum
312 2340 500 2421 nequitiam,
529 2359 608 2421 qua,
645 2342 699 2421 qui
726 2344 943 2421 magistratum
972 2350 1060 2403 erant
1090 2342 1216 2421 petituri
1245 2346 1299 2407 vel

54 2448 152 2509 aliam
182 2447 223 2508 ob
252 2464 384 2512 causam
414 2446 497 2527 plebi
527 2446 701 2522 adulaturi,
737 2447 923 2509 immensam
956 2457 988 2510 et
1014 2452 1097 2509 aeris
1131 2458 1163 2511 et
1190 2451 1305 2530 publici

53 2556 199 2616 muneris
221 2555 343 2637 copiam
366 2554 585 2634 profuderunt,
607 2573 709 2637 caque
731 2558 855 2616 ratione
875 2574 980 2616 mores
999 2555 1114 2618 civium
1132 2574 1306 2637 pauperum

53 2663 84 2725 in
107 2662 180 2723 dies
200 2668 413 2741 corruperunt.
457 2660 544 2723 'l'alis
567 2664 765 2741 corruptelae
784 2661 925 2741 piscator
945 2663 999 2723 ille
1020 2660 1306 2746 noudum'compos

42 2769 165 2831 *sactus
189 2775 267 2832 crat.
310 2769 452 2830 Tertium
476 2776 527 2831 est
542 2771 575 2829 in
593 2767 836 2848 comparatione,
857 2769 952 2850 idque
970 2769 1137 2833 enucleate
1156 2774 1306 2857 ostendit,

59 2885 255 2959 quantopere
276 2874 463 2956 Vergiliana
485 2874 525 2937 ab
547 2873 718 2936 Homerica
746 2872 886 2950 differat,
920 2886 1141 2959 argumentum
1169 2881 1305 2945 trandum

60 2990 139 3049 satis
163 2984 370 3065 explicatum,
393 2984 420 3063 l,
443 2981 520 3043 148:
832 2968 836 2975 ⁴

144 3095 198 3156 Aa
218 3096 319 3154 veluti
336 3110 450 3167 manno
470 3094 505 3150 in
523 3087 640 3168 populo
662 3107 734 3149 cum
755 3078 850 3166 caepe
871 3090 1036 3150 cobortoat

141 3202 274 3274 Sedato,
299 3201 461 3278 saevitque
483 3200 598 3257 animia
619 3196 755 3273 ipnollile
775 3196 906 3274 colpum

142 3310 277 3387 Iamque
288 3309 382 3387 foces
402 3314 435 3366 et
453 3325 540 3367 casca
560 3306 676 3377 oolam,
695 3308 792 3385 furor
815 3310 1108 3387 arma-ministra&

149 3416 239 3496 Tum,
257 3420 376 3493 pietate
394 3436 524 3493 prooem
545 3436 583 3475 cc
602 3419 724 3475 meritis
745 3418 776 3474 ai
792 3417 878 3494 forte
899 3419 1002 3476 virum
1024 3432 1115 3495 quem

124 3515 359 3602 commane,
381 3522 486 3603 silent,
509 3524 708 3601 arrectisque
728 3522 859 3581 auribus
880 3522 1017 3581 adstant.

68 3660 172 3737 Quam
193 3656 321 3718 diversa
344 3657 425 3718 hacc
446 3656 485 3718 ab
507 3657 649 3717 Homero
671 3637 705 3715 ll.
726 3655 774 3728 11‚'
794 3652 870 3715 144:
945 3700 948 3709 ,

46 3846 51 3855 ,
144 3766 281 3862 Κινὴθη,
300 3773 330 3838 δ’
351 3764 460 3861 ciyoqq',
482 3764 527 3848 οἷς
547 3764 674 3854 κύματα
694 3764 804 3861 μακροὶ
818 3762 999 3860 θαλάσσης,

65 3891 117 3949 ubi
137 3906 191 3949 res
218 3888 355 3949 humana
384 3906 454 3947 cum
482 3893 594 3949 natura
619 3887 789 3963 confertur,
811 3886 894 3967 apud
919 3885 1201 3969 Vergiliumvero
1223 3906 1310 3948 mare

67 4015 121 4076 per
149 3996 332 4074 Neptunum
362 3992 508 4055 sedatum
538 4010 611 4055 cum
640 4013 676 4055 re
706 3991 841 4076 quadam
869 3984 979 4077 gesta!
1023 3990 1128 4072 Quam
1163 3992 1310 4058 distincte

67 4104 179 4167 deinde
205 4103 328 4186 singula
354 4100 519 4164 seditionis
541 4111 700 4165 momenta
721 4103 805 4183 apud
827 4103 1008 4187 Vergilium
1024 4102 1153 4166 lectoris
1174 4113 1248 4167 sunt
1270 4104 1310 4166 ob

67 4217 176 4277 oculos
196 4202 378 4293 proposita!
408 4210 613 4271 Perniciosae
635 4213 718 4272 enim
740 4210 836 4271 Marii
858 4196 1029 4292 Sullaeque
1051 4212 1177 4294 turbae,
1205 4217 1311 4274 notis-

66 4324 167 4385 simae
192 4320 302 4383 clades
321 4318 530 4383 Gracchanae
558 4319 631 4380 talis
659 4319 779 4399 speciei
802 4318 900 4399 probe
923 4327 1067 4399 poterant
1090 4308 1202 4409 ausam
1225 4320 1310 4384 dare.

48 4430 209 4511 liquabile
234 4430 355 4514 colpus
373 4431 489 4514 quippe
515 4434 611 4505 poeta
637 4433 727 4486 notat
740 4425 872 4504 plebem
894 4425 978 4486 nullo
1000 4426 1152 4522 maiorum
1171 4430 1310 4527 nomine,

51 4542 161 4625 'nullis
180 4538 402 4620 imaginibus
392 4541 560 4629 insignem.
607 4535 714 4597 Faces
742 4532 819 4595 dicit
831 4551 988 4616 saxaque
1015 4535 1144 4637 volare,
1179 4555 1310 4618 quorum
1423 4516 1435 4531 '¹

71 4651 244 4729 posteriora
264 4646 376 4709 saltem
397 4638 868 4716 aPlutarcho'lib.Gracch.
898 4642 1206 4705 rememorantur:
1241 4632 1313 4703 Τῶν

73 4753 99 4817 ὁ
119 4746 226 4817 ἄλλων
245 4742 414 4823 anteana
435 4740 519 4841 quaeq
539 4743 743 4833 τριακοσίους
765 4736 873 4831 ξυλοις
893 4769 947 4813 και
938 4743 1109 4849 λίθοις
1130 4744 1308 4855 συγκοπέν-
