3000 5184
500 294 508 307 .
554 239 612 303 De
631 239 821 321 pellibus
929 196 933 207 Ι
1269 236 1315 305 77

65 430 204 508 firmari3
225 446 298 489 uam
318 434 403 489 teste
423 434 521 508 poeta
541 424 605 487 illia
626 442 688 483 nac
707 424 831 501 clipea·
850 440 1003 483 numm
1029 428 1165 499 amm
1198 418 1315 483 deinde

64 539 96 600 in
123 540 311 601 universum
337 554 397 597 unu
425 534 535 609 video,
566 531 727 613 quamodo
757 531 847 591 miles
879 528 979 609 pedes
1012 531 1065 591 vel
1097 546 1190 591 crura
1223 538 1316 591 snm

63 649 168 729 possit
189 662 332 720 servare,
366 643 426 705 uisi
448 640 595 721 superius
616 638 733 702 cellum
755 636 895 719 periculo
918 636 1043 703 ullerat.
1084 637 1317 719 Neque-deni-

66 774 132 836 que
154 771 269 819 verum
292 764 352 829 est,
385 755 546 817 sinistrum
568 768 695 831 semper
716 749 859 830 proferri.
902 750 1057 831 laueagus
1084 748 1209 831 quidem
1240 751 1315 810 vul·

68 873 203 925 neratur
224 866 267 940 X,
286 862 365 925 587:

496 943 643 1005 Proiecto
664 940 739 1001 dum
757 942 838 1017 pede
858 939 945 1001 lceeu

150 1054 258 1133 Aptet
276 1075 312 1118 ae
329 1069 467 1130 puyrrae.

66 1160 128 1225 sed
149 1161 310 1243 vegetius
331 1161 356 1236 l,
377 1159 430 1221 20.
450 1158 533 1219 baec
555 1149 670 1219 docet:
697 1154 891 1232 „Sciendum
913 1161 1090 1235 praeterea,
1120 1171 1215 1234 quum
1238 1155 1319 1214 nris·

66 1273 179 1333 sitibus
199 1275 325 1353 agitur,
355 1268 501 1331 sinistras
522 1266 624 1348 pedes
655 1266 686 1327 iu
714 1272 792 1327 ante
821 1264 935 1325 milites
961 1262 1078 1329 habere
1109 1258 1244 1323 debere:
1274 1260 1318 1321 ita

69 1381 153 1441 enirn
175 1376 339 1440 vibrandis
359 1376 489 1456 spiculis
513 1375 731 1437 vehementior
753 1374 834 1437 lutus
865 1382 931 1450 est,
966 1370 1024 1433 sed
1057 1390 1151 1451 quum
1180 1368 1220 1431 ad
1242 1370 1317 1450 pila,

68 1497 106 1549 ut
128 1485 308 1567 appellant,
341 1484 465 1545 venitur
488 1491 520 1543 et
541 1500 634 1543 mauu
657 1480 698 1544 ad
731 1498 858 1545 manum
888 1478 1003 1563 gladiis
1029 1486 1203 1559 pugnatur,
1245 1486 1321 1555 tuuc

72 1596 209 1667 dextros
229 1595 331 1677 pedes
354 1595 384 1656 iu
403 1601 480 1655 ante
501 1593 618 1655 milites
639 1590 757 1653 babere
779 1588 924 1651 debent.“
975 1586 1080 1665 Quum
1102 1605 1180 1647 vero
1201 1585 1320 1645 verisi-

73 1705 151 1768 mile
172 1703 227 1779 sit,
247 1702 359 1783 pedem
389 1702 539 1763 munitum
566 1699 712 1783 preferri,
746 1696 1033 1771 Praenestinorum,
1064 1697 1117 1775 qui
1149 1692 1322 1758 missilibus

72 1818 233 1891 puguant,
265 1807 351 1890 aprad
387 1808 562 1891 Vergilium
604 1806 748 1869 dextrum
781 1823 857 1867 esse
891 1802 1001 1881 vides,
1034 1804 1177 1883 regulum
1212 1803 1320 1883 itaqua

4 1975 5 1978 ,
74 1920 162 1982 illam
185 1936 248 1979 uun
270 1915 436 1996 quadrare.
479 1914 585 1993 Quare
607 1917 715 1975 nescio
737 1932 777 1975 an
798 1910 999 1973 statuendum
1021 1911 1075 1993 sit,
1099 1928 1194 1989 quum
1217 1914 1322 1973 omnis
1397 1922 1401 1932 “

4 2105 5 2108 ¹
73 2027 197 2089 illorum
218 2022 345 2085 habitus
363 2022 405 2081 sit
428 2021 583 2096 rusticior,
604 2023 715 2095 rarior,
735 2022 765 2081 in
786 2019 848 2081 hoc
869 2035 992 2101 quoque
1014 2036 1134 2101 genere
1152 2017 1190 2080 iis
1206 2020 1323 2104 magici
1394 2103 1397 2107 Ἢ

77 2135 159 2195 ritus
181 2130 422 2219 aliquidtribui.

676 2378 683 2393 .
703 2331 755 2395 34.

566 2462 628 2517 lle
642 2324 838 2531 §ollibus-

182 2634 212 2693 A
235 2633 320 2693 culto
354 2630 406 2692 illu
426 2630 586 2712 politoque
620 2632 693 2692 aevi
715 2634 878 2715 Augustei
902 2630 1009 2692 habitu
1037 2628 1217 2709 discrepant
1249 2646 1321 2689 um-

76 2759 139 2802 nes
169 2738 322 2800 Aeneidis
350 2740 429 2814 loci,
450 2724 567 2820 'quibus
591 2738 706 2800 heroes
732 2758 793 2799 nou
824 2738 918 2799 tersis
944 2756 982 2799 ee
1003 2736 1196 2823 fulgentibus
1218 2728 1324 2811 armis,

73 2847 136 2908 sed
166 2847 296 2909 hirsutis
328 2846 465 2908 ferarum
497 2847 627 2926 pellibus
661 2846 874 2908 circumdatos
903 2856 998 2928 poeta
1032 2842 1202 2927 praedicat.
1256 2843 1323 2905 Sed
1431 2856 1434 2871 '

76 2956 546 3036 memoriaquaesoteuet07ub
567 2958 638 3036 ipsu
662 2957 878 3037 antiquitatem
902 2954 1058 3038 quandam
1080 2958 1232 3016 rusticum
1254 2952 1325 3011 vir-

76 3070 241 3143 tutemque
270 3062 380 3123 rudem
408 3061 543 3143 aliquam
575 3063 740 3124 infractam
772 3062 938 3125 adfectari.
982 3063 1055 3142 Quo
1084 3069 1177 3145 paeto
1200 3060 1326 3121 eumin

4 3183 5 3226 ξ
79 3172 294 3235 Romanorum
325 3173 438 3233 animis
472 3191 603 3234 sensum
640 3173 827 3244 commovit,
861 3190 952 3252 quem
979 3170 1080 3233 nostri
1107 3170 1245 3231 artifices
1272 3167 1325 3229 vel

79 3290 199 3363 poetae
227 3284 375 3361 antiquus
405 3278 584 3341 Germanos
612 3280 730 3342 inculto
754 3279 918 3361 ierinoque
941 3268 1060 3351 uestitu
1082 3267 1229 3359 tegendo.
1270 3278 1327 3337 ln-

77 3390 215 3471 signitur
245 3406 320 3468 prae
350 3387 493 3449 omnibus
521 3389 651 3449 Aeneas
678 3385 763 3468 pelle
792 3386 931 3447 lenuis
955 3386 1183 3467 pretiosissimo
1204 3394 1324 3467 patrem

78 3508 212 3578 portans
233 3495 283 3571 ll,
304 3492 387 3556 721.-

164 3602 256 3662 Haec
274 3606 366 3681 fatue
387 3603 468 3662 lctus
488 3622 614 3663 crunon
635 3604 837 3683 errdiectuqcre
859 3605 941 3666 colla

167 3710 263 3791 Veste
281 3730 378 3787 super
397 3710 541 3789 fulvique
561 3712 722 3770 insternor
738 3712 853 3787 pelle
874 3712 1022 3774 leonia.

79 3818 177 3901 Quod
200 3825 307 3879 utrum
323 3816 486 3895 religionis
509 3814 666 3895 quendam
688 3818 851 3900 rationem,
875 3827 910 3878 ut
932 3818 1093 3879 Anchises
1115 3822 1247 3897 penates
1269 3812 1322 3875 ie-

80 3951 157 3995 rens
179 3934 344 4008 separetur
366 3926 405 3987 ab
428 3926 511 3985 cmiii
533 3927 678 4007 Aeneae,
702 3927 752 4007 qui
775 3946 812 3987 se
835 3928 916 3991 bellu
939 3937 970 3989 et
992 3926 1142 4008 sanguine
1160 3926 1329 4007 polluerat,

80 4046 229 4102 contactu
253 4034 443 4115 (11‚718.),
466 4054 507 4095 an
527 4038 721 4118 singularem
744 4028 872 4111 habent,
894 4055 986 4116 quum
1010 4036 1040 4095 in
1062 4034 1154 4116 pictis
1177 4032 1327 4097 Graeco-

81 4168 152 4210 rum
184 4148 276 4208 vasis
305 4150 439 4210 Aeneae
472 4149 592 4228 clipeus
623 4166 684 4207 uun
719 4166 789 4209 raro
819 4145 920 4207 lenuis
942 4146 1080 4229 imagine
1102 4144 1144 4205 sit
1164 4144 1330 4225 praeditus

83 4256 275 4340 (lngbirauri
296 4258 428 4339 galletia
449 4256 598 4320 Omerita
618 4257 691 4319 vot.
713 4260 737 4319 l.
762 4256 839 4319 nah.
862 4256 962 4327 255.):
991 4254 1151 4317 doctiores
1173 4252 1214 4315 ad
1234 4254 1329 4333 liqui-

83 4365 159 4427 dum
181 4364 366 4446 perducant.
409 4365 611 4449 singularem
633 4384 701 4427 eam
724 4366 875 4427 rationem
899 4368 1006 4445 possis
1027 4364 1067 4426 ad
1082 4362 1252 4425 Herculem
1274 4380 1330 4421 re-

82 4472 186 4555 ferre,
208 4473 253 4533 ita
272 4480 309 4535 ut
329 4463 442 4535 Troius
463 4474 558 4536 herus
580 4474 673 4556 quasi
695 4475 775 4537 alter
796 4476 955 4537 Hercules
978 4474 1143 4539 efficiatur.
1176 4444 1329 4534 livauder

81 4582 182 4662 vui,
208 4580 286 4642 177:
592 4645 600 4653 ,
654 4571 657 4578 ’
1231 4548 1236 4583 ’

169 4691 453 4770 Praecipitantque
470 4696 541 4751 tare
559 4697 594 4751 et
610 4690 718 4751 autore·
732 4690 843 4769 pelle
861 4690 998 4752 leonis

170 4798 308 4878 maura
321 4795 464 4875 Aenaria,
487 4799 907 4879 conquiescentem.
