3000 5184
224 185 282 246 De
302 178 424 246 lunda
443 181 738 267 glandibusque
760 185 969 267 plumbeis.
1169 184 1213 248 89

387 369 609 462 Teretsemt
628 369 798 448 aclydes
816 369 883 430 illis

58 480 151 558 Τοὺς
175 482 234 540 ned
252 479 330 539 baec
350 478 434 538 lento
453 495 524 538 mon
544 484 594 537 cel
611 483 721 554 spiare
737 479 876 556 flocello.

9 620 108 672 ¹retes
130 612 150 674 i.
174 631 200 672 e.
223 609 375 671 rotundas
407 617 501 690 poeta
532 617 645 684 vocat,
680 608 724 672 ita
757 619 792 670 ut
820 611 984 692 globorum
1009 616 1069 674 'vel
1100 617 1215 678 clava·

0 738 41 778 im
64 719 243 779 informem
277 735 336 778 ens
355 725 555 781 constructas
576 716 678 778 luisse
698 716 927 797 suspicandum
950 720 1001 793 sit,
1024 731 1211 806 aptatasque

2 828 96 908 gello
119 826 138 890 i.
161 844 191 888 e.
212 826 279 887 loro
302 828 512 906 velamento,
536 826 580 887 ita
603 833 637 886 ut
659 823 840 886 emittantur
861 829 1057 910 vulnereque
1077 821 1213 914 impacto

10 953 82 997 rsus
106 934 312 995 retrahantur.
340 933 487 994 Servius:
520 933 683 1014 „Aclydes
706 940 779 994 sunt
801 934 864 995 tela
900 937 1056 1017 quaedam
1085 947 1215 1023 antiqua

15 1063 68 1124 eo,
93 1053 132 1106 ut
153 1061 213 1104 nec
234 1061 367 1123 usquam
392 1049 675 1102 commemorentur
696 1041 726 1102 in
746 1041 847 1120 bollo;
869 1044 983 1124 legitur
1004 1055 1108 1109 temon
1131 1053 1215 1131 qnod

0 1153 163 1214 ιῑοὶιιιιιιο
179 1151 282 1213 cubito
298 1157 330 1211 et
346 1149 574 1226 semismnae,
598 1148 871 1210 eminentibus
893 1149 985 1211 hinc
1005 1154 1098 1216 iude
1119 1175 1214 1220 acu·-

10 1261 159 1330 inibus,
183 1277 265 1340 qnae
287 1258 331 1318 ita
353 1257 382 1317 in
403 1256 527 1318 hostem
551 1259 706 1319 iaciuntur
729 1257 884 1341 religatae
915 1258 985 1320 loco
1008 1265 1061 1324 vel
1082 1265 1155 1346 lino,
1179 1280 1213 1332 ut

0 1369 113 1431 raetis
148 1365 326 1427 vulneribus
359 1365 482 1445 possint
514 1363 554 1425 ad
576 1361 730 1426 dominum
755 1366 888 1445 redire.“
933 1367 1025 1445 Quae
1047 1382 1213 1451 praeterea

0 1477 76 1539 idit:
101 1473 257 1552 „Putatur
278 1481 384 1535 tamen
407 1490 481 1533 esse
505 1471 558 1533 teli
579 1490 697 1552 genus,
735 1471 818 1553 quod
840 1493 897 1554 per
917 1475 1077 1557 flagellum
1100 1481 1130 1540 in
1149 1481 1212 1544 im·

1 1601 118 1643 cusum
141 1581 200 1642 iaci
222 1581 357 1660 potcst.“
391 1597 507 1662 vagam
532 1578 688 1660 quandam
713 1587 745 1640 et
775 1581 901 1643 inanem
931 1589 1127 1664 grammatici
1151 1592 1213 1652 eli-

12 1699 62 1759 ins
85 1698 261 1777 opinionem
283 1695 427 1778 produnt.
450 1695 634 1776 [iongitudo
657 1697 750 1758 etiem
774 1713 846 1759 cum
868 1697 1048 1782 illa‚'quam
1070 1697 1212 1762 Isidorus

0 1834 3 1841 ·
33 1807 139 1868 calcia
162 1812 406 1886 commemorat,
443 1805 617 1876 consentit,
652 1805 711 1865 uisi
742 1803 880 1867 fortasse
902 1807 964 1870 duo
985 1809 1065 1872 haec
1085 1809 1149 1871 tela
1170 1809 1209 1871 ab

2 1933 42 1976 so
64 1915 128 1976 sint
149 1913 293 1975 conlusn.
336 1913 512 1994 Utrumque
528 1913 594 1974 loro
610 1911 662 1974 vel
684 1923 820 1988 amento,
845 1923 879 1976 ut
894 1913 1058 1981 Gallorum
1075 1921 1210 2000 trogulo,

21 2022 171 2084 omnibus
184 2021 355 2102 deligatum
370 2019 489 2083 dicitur.
513 2019 724 2084 statuendum
738 2022 885 2095 fortasse,
899 2029 1032 2089 cateiam
1054 2029 1125 2091 lras
1136 2041 1172 2090 ts
1182 2049 1212 2113 e,

11 2130 120 2212 lydcm
143 2132 289 2193 clavae
311 2131 490 2193 similiorem
520 2130 633 2192 luisse.
670 2130 887 2194 Differentiam
921 2135 1001 2196 enim
1032 2139 1103 2218 ipsc
1124 2138 1212 2201 Vct-

4 2238 68 2300 lins
91 2240 200 2301 inesse
220 2240 329 2301 voluit.

543 2477 578 2567 q.
599 2483 649 2546 n.

212 2637 270 2692 lle
288 2634 421 2691 funde
438 2637 739 2706 glandibusque
757 2635 978 2707 plumbens.

50 2807 196 2870 Romano
230 2808 381 2870 exercitui
413 2807 571 2888 ascriptos
605 2806 760 2889 quosdam
794 2807 898 2870 luisse
938 2807 1059 2868 scimus
1101 2805 1211 2866 feren-

2 2919 68 2981 rios
96 2923 150 2983 vel
182 2937 362 2996 accensos,
395 2918 447 3001 qui
482 2917 585 2980 lundis
619 2917 838 3000 lapidibusque
871 2917 1107 2999 proeliarentur.
1160 2911 1212 2975 Cf.

2 3030 99 3091 ullus
130 3049 172 3092 ex
201 3029 299 3092 Festo
327 3048 354 3092 s.
377 3050 408 3090 v.
430 3030 546 3110 velati,
575 3030 763 3112 ascripticii,
793 3029 928 3091 Varron.
951 3026 1065 3110 fragm.
1088 3042 1118 3104 p.
1139 3020 1211 3085 245.

0 3141 20 3192 ³.
45 3133 113 3215 llip.
157 3135 210 3196 Ne
240 3135 335 3217 igitur
363 3133 528 3198 fundarum
558 3155 651 3198 usum
682 3155 723 3197 ex
750 3137 936 3217 antiquitate
967 3134 1018 3196 ille
1040 3133 1212 3195 Homerica

0 3242 122 3304 ducas.
165 3245 301 3305 Praesto
323 3245 402 3304 enim
425 3250 495 3304 orat
515 3242 730 3306 Romanorum
753 3243 943 3324 exemplum.
994 3243 1109 3304 Hieme
1131 3240 1211 3302 ltnlo

0 3378 5 3427 2
15 3352 133 3414 ricolae
153 3359 249 3431 poete
269 3349 381 3431 Georg
400 3350 434 3432 1,
459 3347 532 3412 307.
553 3349 617 3431 ait,
639 3359 766 3432 ternpus
789 3369 882 3430 esso,
990 3425 995 3434 ¹

541 3461 621 3522 Tum
638 3464 738 3540 pipere
758 3462 914 3539 mmmm,

53 3565 197 3646 δίαρμα
217 3568 579 3648 torquentemBoleoris
599 3570 729 3628 verbera
746 3570 914 3647 fundae.
1034 3613 1040 3617 -
1065 3602 1068 3611 ι

8 3702 105 3762 milla
125 3700 177 3760 illa
201 3699 390 3762 Volscorum
411 3698 451 3761 de
475 3699 657 3781 gemelli,
685 3700 756 3764 5⁷9.
779 3701 967 3781 puellulam

53 3812 102 3872 El
115 3810 285 3888 fundam
304 3813 397 3868 lereti
415 3813 534 3870 circum
556 3816 651 3887 copul
670 3813 735 3887 epil
754 3811 878 3871 bobeno

53 3917 329 4001 Strymoniamque
346 3940 469 4000 praem,
492 3929 548 3982 cut
568 3922 673 3982 album
694 3924 809 3983 deiecit
828 3923 954 3983 olorem.

2 4053 65 4116 uod
86 4054 201 4117 circum
224 4063 319 4134 capnt
339 4040 454 4136 agitur,
477 4051 507 4114 id
530 4054 607 4116 artis
631 4071 707 4116 esso
728 4063 895 4116 memento.
945 4053 1105 4136 Vegetius
1117 4053 1210 4116 -enim

2 4165 33 4237 l,
57 4159 341 4222 luminatione
362 4168 449 4241 sunt,
472 4159 523 4242 qui
547 4158 651 4221 luridis
674 4179 715 4222 ex
736 4162 801 4222 lino
823 4160 876 4221 vel
897 4161 977 4223 setis
999 4160 1210 4223 lectis-bns

0 4274 53 4331 im
77 4268 185 4331 dicunt
207 4286 280 4330 esse
302 4269 447 4330 meliores
468 4301 509 4312 —
541 4275 730 4330 contorto
760 4270 873 4331 circa
901 4278 1023 4350 ceput
1051 4268 1212 4331 brachio

2 4381 108 4462 rigant
129 4377 242 4442 saxa.“
275 4375 361 4438 ldcm
384 4383 499 4439 tamen
512 4377 570 4457 ΙΙΙ,
591 4373 655 4457 23„
679 4377 825 4458 quotiens
844 4376 1021 4457 torquenda
1043 4377 1084 4438 sit
1105 4375 1212 4452 lunda,

0 4493 65 4547 cet
85 4485 146 4567 111,
167 4484 224 4546 23:
248 4484 402 4565 „Semper
421 4481 675 4546 adsuescendum
697 4491 759 4564 est,
781 4492 815 4545 ut
835 4486 957 4546 semel
977 4485 1210 4547 tantumiunde

0 4611 55 4657 tce
77 4599 173 4676 eaput
193 4599 329 4662 rotetur,
361 4611 456 4675 quum
485 4609 526 4654 ex
547 4611 588 4654 ea
609 4589 760 4670 emittitur
782 4609 926 4656 saxona<
970 4592 1065 4675 Apud
1087 4593 1211 4676 Vergi-

0 4729 35 4757 ιι·
66 4710 177 4764 contra
198 4700 261 4780 IX,
289 4698 366 4761 586:
