3000 5184
452 179 509 241 De
527 175 790 246 divinatione.
848 127 853 134 ι
1215 179 1280 244 abt·

249 359 347 425 cera
366 363 518 425 aaa&
536 362 842 441 mmm
862 365 902 424 ct
921 367 1029 427 utras.
1193 427 1197 434 .

40 468 222 534 Palinurum
245 473 336 554 petit,
357 475 543 554 supersint
564 482 706 556 tempora
723 490 845 536 mum
866 483 1067 555 soporantem
1084 473 1156 540 stc.
1176 489 1280 556 quu-

41 597 122 641 sans.
168 567 287 661 Neque
308 581 367 642 sibi
387 588 524 666 constat,
545 600 641 664 qaum
663 584 721 654 Vl,
744 581 819 644 390.
839 580 881 643 ad
901 582 1021 644 inferos
1043 599 1116 660 eum
1138 583 1278 664 relegata

122 690 321 752 Umbrarum
342 691 396 750 bic
416 691 506 753 laras
526 697 586 768 cst,
605 689 719 752 δἀιιιια·
736 692 912 770 Noctisque
931 711 1073 769 ιαρσται.

41 821 90 901 qni
108 821 208 885 inodo
230 823 271 885 ab
291 823 422 886 aethere
444 821 594 904 delapsos
607 830 685 885 orat.
727 823 843 903 Neque
859 823 1024 896 intellexit,
1047 829 1080 884 ut
1099 839 1210 887 venam
1227 823 1281 887 la-

41 939 182 1005 teamnr,
201 930 445 1013 etymologicam
466 931 550 994 illam
571 928 654 1012 apud
685 930 856 994 Homerum
884 939 1043 1012 portarum
1074 932 1138 993 vim
1162 931 1283 1016 odyss.

43 1041 133 1122 xlx,
157 1038 334 1100 bea-567.
356 1030 404 1098 Αἱ
424 1032 485 1116 μὲν
504 1026 566 1122 ydp
588 1025 722 1117 [πύλαι]
745 1025 944 1123 κεράεσσι
964 1025 1155 1114 τετεύχαται
1176 1060 1283 1104 eorum

42 1135 259 1228 scilicet‚o‘dp‘›’
281 1137 384 1224 ἔτυμα
403 1141 630 1229 κραίνουσι,
649 1139 685 1207 αἱ
704 1142 736 1206 δ’
756 1139 952 1228 ἐλέφαντι
969 1165 1086 1229 eorum,
1102 1136 1136 1208 ol
1156 1140 1282 1229 p’e’tc-

43 1250 275 1341 φαίροιται
297 1251 464 1331 Quaevis
486 1251 611 1312 omnino
633 1256 765 1314 evannit
786 1252 871 1334 apud
892 1253 1059 1316 Maronem
1081 1255 1111 1316 in
1133 1254 1284 1320 Latinum
1368 1287 1370 1293 Α

45 1381 227 1426 sermonem
248 1363 330 1425 baec
351 1371 544 1426 vertentomt

128 1497 220 1560 sont
235 1500 380 1573 αιαιίααι
401 1495 515 1560 Somni
527 1490 650 1576 portae,
672 1515 806 1576 quaram
829 1494 931 1573 altera
948 1498 1056 1576 sertor

128 1606 305 1679 cornea,
327 1623 390 1683 quc
409 1607 494 1664 ocris
511 1604 621 1682 facilis
642 1606 737 1664 σαῖσι
759 1609 867 1663 emitas
887 1603 1025 1682 umhris5

129 1714 249 1775 Altera
261 1709 412 1773 σααιίιαιι·
427 1714 570 1792 perfecto
589 1714 694 1771 nitens
714 1703 930 1788 elephanto
979 1696 981 1700 ⁸

131 1822 204 1884 Sed
216 1822 308 1901 salac
330 1823 374 1882 cd
392 1821 516 1881 caelum
537 1823 666 1880 mittunt
683 1825 841 1880 irtsomm'c
860 1819 987 1884 Manca.

52 1958 139 2035 Sed,
171 1956 255 2039 quod
277 1956 307 2017 in
327 1958 552 2020 imitationibus
575 1957 683 2020 facere
705 1975 833 2041 semper
861 1958 961 2038 solet,
984 1959 1119 2024 mutavit
1146 1976 1211 2022 rem
1219 1975 1230 2041 3
1251 1957 1291 2022 de

50 2068 185 2129 somniis
207 2066 289 2128 enim
310 2067 408 2147 primo
430 2086 491 2127 non
520 2065 653 2147 loquitur
673 2070 780 2148 voris,
811 2064 868 2128 sed
902 2066 942 2127 de
971 2067 1089 2129 umbris
1109 2068 1129 2132 i.
1151 2088 1179 2133 e.
1203 2068 1290 2132 veris

52 2185 246 2238 mortuorum
281 2174 470 2259 imaginibus
483 2218 493 2256 ,
530 2193 612 2256 quae
643 2173 821 2236 hominibus
854 2184 1021 2256 apparent,
1060 2182 1149 2257 porta
1176 2194 1293 2241 cornea

52 2281 201 2364 emissis,
236 2279 349 2342 deiude
371 2278 412 2341 de
431 2278 562 2339 somniis
582 2277 772 2343 fallentibus,
813 2281 944 2362 integra
967 2282 1105 2366 species
1134 2299 1296 2346 conversa

51 2402 112 2458 est.
158 2391 266 2453 Malim
286 2389 464 2475 Vergilium
485 2405 598 2449 versas
624 2387 797 2452 894--899,
819 2408 882 2450 non
894 2390 1073 2470 scripsisse.
1107 2387 1201 2468 Quod
1212 2388 1295 2450 euim

54 2503 150 2563 nobis
170 2507 285 2577 narrat,
308 2497 451 2558 Aeneam
473 2505 566 2576 porta
589 2495 709 2561 eburna
730 2499 883 2558 emissum
907 2514 992 2569 esse,
1016 2514 1122 2580 neque
1139 2485 1294 2579 bacque-

54 2609 140 2685 drat,
163 2626 258 2688 quum
280 2623 403 2667 omnem
426 2603 510 2667 illam
532 2623 636 2666 rerum
657 2589 870 2670 Romanarum
893 2607 1297 2688 seriemAeneaepraesa-

56 2717 111 2796 gio
134 2720 341 2776 monstratam
358 2715 451 2794 quasi
466 2731 528 2773 uno
545 2711 609 2775 ictu
629 2710 734 2775 deleat
750 2723 846 2797 atquo
861 2724 894 2778 ut
910 2715 1028 2776 falsam.
1038 2713 1137 2779 tollat.
1177 2717 1299 2780 Habuit

57 2845 140 2887 vero
163 2821 249 2906 apud
267 2821 356 2902 ipsos
368 2821 531 2886 Romanos
551 2823 723 2905 scriptores
743 2841 891 2904 magnam
907 2826 1028 2906 copiam
1043 2823 1125 2886 hanc
1137 2825 1301 2888 materiam

56 2928 200 3017 augendi
221 2932 422 3016 ornandique.
464 2934 622 2998 Cicerone
642 2938 724 2998 enim
746 2936 843 3000 divin.
865 2939 892 3018 l,
903 2937 953 2999 21.
976 2944 1059 3000 teste
1081 2939 1196 3022 omnia,
1218 2915 1301 3022 puae

60 3049 195 3108 Aeneas
214 3045 318 3126 gessit
337 3063 377 3109 ac
396 3063 513 3126 passus
535 3054 595 3123 est,
614 3048 746 3109 somniis
761 3047 853 3128 quasi
868 3046 1078 3127 praeformata
1090 3056 1179 3113 sunt:
1205 3050 1305 3132 „Sint
1353 3049 1355 3053 ’

58 3156 154 3236 haec,
177 3164 214 3218 ut
235 3156 309 3235 dixi,
331 3147 452 3221 somnia
472 3158 665 3239 fabularum,
693 3159 806 3241 hisque
836 3158 1026 3240 adiungatur
1053 3157 1149 3220 etiam
1171 3159 1303 3224 Aeneae

60 3264 220 3328 somnium
223 3309 238 3341 ,
270 3264 354 3349 qnod
380 3267 412 3328 in
432 3267 465 3327 N
468 3267 577 3331 umarii
597 3266 688 3329 Fabii
710 3266 846 3328 Pictoris
869 3264 1004 3330 Graccis
1027 3265 1190 3327 annalibus
1213 3265 1305 3328 eius-

62 3373 226 3450 medicat,
248 3383 281 3436 ut
304 3375 418 3451 omnia,
439 3394 520 3457 quae
540 3375 580 3437 ab
604 3374 715 3436 Aenea
737 3383 833 3457 gesta
854 3383 927 3436 salut
948 3379 1092 3455 quaeque
1112 3372 1155 3435 illi
1176 3370 1307 3436 accide-

67 3493 152 3561 runt,
167 3504 209 3548 αα
229 3486 356 3562 luerint,
378 3505 459 3568 quae
482 3486 511 3548 ei
534 3483 708 3548 secundum
731 3485 868 3566 quietem
889 3483 1068 3546 visasunt.“
1091 3477 1307 3542 Verumhaac

59 3592 122 3656 *vel
151 3591 370 3656 demonstrare
398 3594 452 3654 vel
480 3592 626 3675 augurari
653 3592 724 3653 eius
745 3591 824 3673 erit,
859 3590 912 3670 qui
943 3587 983 3650 do
1001 3587 1139 3651 fontibus
1161 3586 1308 3650 carminis

67 3701 170 3763 nostri
192 3698 339 3781 disseret,
362 3701 461 3762 nostri
475 3701 542 3762 crit
562 3701 699 3774 somnia,
731 3717 814 3781 quae
842 3716 898 3779 per
928 3695 1100 3760 Aeneidem
1122 3695 1309 3776 indicantur,

67 3808 207 3889 simplici
234 3811 386 3872 memoria
412 3829 569 3874 enarrare.
611 3809 724 3873 Didoni
762 3814 792 3874 in
822 3811 940 3873 somnis
968 3815 1100 3890 apparet
1137 3803 1310 3889 Sychaeus

68 3919 206 3979 coniunx
231 3918 346 3979 misero
368 3900 461 3979 modo
482 3937 502 3980 a
524 3919 735 4001 Pygmaliona
755 3919 929 3982 trucidatus
951 3919 974 3998 l,
997 3915 1075 3978 353:

154 4052 234 4129 Ipsa
255 4053 313 4112 scd
331 4057 366 4112 ιἰι
386 4059 507 4114 somnis
528 4056 687 4116 inhumati
704 4059 790 4115 ceni!
808 4058 912 4130 imcpo

154 4160 321 4243 mutuae,
342 4178 400 4223 cra
419 4165 521 4224 modia
541 4163 691 4225 attollens
709 4163 831 4243 pallida
851 4166 942 4224 miris

156 4271 304 4335 crocata
325 4291 403 4333 arca
422 4277 613 4352 traiecturae
631 4279 763 4347 pectora
779 4274 869 4352 ferro

156 4379 308 4453 Nodaoa‘t,
332 4390 523 4458 caecamque
542 4380 654 4439 ααιααι
673 4377 782 4438 scelos
802 4395 894 4437 ααιαι
916 4379 1045 4437 retccit.

72 4517 127 4580 ubi
147 4534 206 4576 ora
222 4514 345 4592 pallida
366 4512 453 4575 dicta
474 4522 564 4588 sunt,
592 4519 626 4573 ut
647 4510 819 4574 ιιίιιαὶαιια
847 4509 947 4570 modis
965 4510 1121 4587 pallentia
1141 4509 1248 4582 mdis,
1263 4501 1313 4564 'de

75 4626 192 4708 quibus
214 4642 321 4706 supra.
363 4624 500 4688 Pectora
522 4622 619 4686 nudat
639 4626 701 4685 ie.
723 4621 855 4683 vulnera
877 4617 998 4703 detegit
1018 4616 1139 4699 pectori
1160 4613 1315 4692 immissa,

75 4737 170 4818 plane
190 4745 225 4798 ut
244 4733 364 4796 Hector
384 4732 516 4794 Aeneae
538 4732 583 4815 ΙΙ,
602 4731 681 4794 270:
