3000 5184
553 214 792 296 irenopolis
1232 215 1296 283 237
1371 269 1376 284 Ι

56 397 254 462 Vocabulum
275 397 394 481 paeisoi
415 395 455 458 de
467 398 663 462 nuttimonio
676 401 915 466 usitatissimum
931 411 987 468 est.
1031 404 1077 465 lta'
1089 404 1161 486 Dig.
1176 405 1297 470 llxlll.

56 510 105 572 tit.
125 509 153 573 l.
173 506 353 570 inscribitur
381 504 426 568 de
446 507 584 585 paotls
615 505 839 592 dotalibus,
869 513 1032 574 notissima
1054 523 1145 594 suut,
1179 522 1298 594 paolo

53 626 269 699 conventa,
292 633 374 697 quae
395 623 470 677 ante
491 617 546 677 vel
566 621 640 695 post
659 617 788 696 nuptias
804 633 1011 701 peraguntur.
1055 619 1189 684 Ovidius
1213 641 1303 704 quo-.

53 741 120 806 qne
139 723 268 787 Horaid.
293 726 375 796 XX,
398 724 435 788 ⁷:

137 833 330 915 Coniugium
352 843 580 914 paotamquo
601 833 710 919 fidem,
733 856 795 899 non
820 837 951 898 erimina
974 853 1091 915 posco:

215 942 352 1003 Debitus
373 947 408 1002 ut
429 943 562 1013 eonius,
584 961 645 1004 uon
667 951 703 1004 nt
721 943 845 1005 adulter
865 961 946 1008 aruo.

49 1049 131 1112 Pliu
138 1050 218 1130 XV,
228 1050 285 1114 to:
299 1049 432 1112 obiviao
439 1050 606 1129 Drusillae,
615 1069 698 1132 quae
705 1060 819 1132 postea
830 1053 979 1135 Angusta
990 1051 1175 1114 matrimonii
1183 1067 1296 1112 nornen

54 1159 195 1238 aoaapit,
207 1173 281 1218 outa
291 1167 383 1237 paata
391 1167 478 1220 esset
488 1159 541 1219 llla
550 1157 709 1221 Caesario
724 1159 792 1222 sed
807 1161 862 1221 vix
874 1160 967 1222 iidem
979 1159 1139 1221 habuerim
1147 1158 1252 1220 Nonio
1260 1155 1301 1216 do

50 1262 155 1327 differ.
180 1265 269 1327 verb.
289 1285 319 1346 p.
339 1265 408 1328 439.
430 1266 512 1326 haeo
533 1266 720 1346 proferenti:
754 1268 858 1328 olnler
886 1276 1046 1348 speratam
1068 1275 1101 1328 et
1121 1267 1238 1330 dietam
1260 1275 1303 1328 et*

51 1381 180 1451 paotam
203 1382 236 1434 et
255 1390 405 1452 sponsata
427 1372 489 1434 hou
510 1375 659 1453 interest,
692 1372 776 1455 qood
804 1375 913 1457 virgo,
951 1375 1133 1455 priusquam
1154 1381 1293 1452 petatur,

49 1490 183 1563 sperata
203 1480 317 1542 dieitur
338 1513 376 1526 -
398 1513 439 1524 —-
461 1480 573 1542 dehine
601 1473 778 1560 promissa,
810 1481 896 1542 diota
915 1482 967 1542 vel
987 1485 1080 1562 panta
1099 1479 1152 1540 vel
1174 1497 1296 1560 sponsa

48 1591 116 1652 diat
136 1598 255 1671 potest
298 1589 388 1672 Virg.
404 1591 485 1650 Aen.
507 1589 559 1650 tlb.
582 1590 612 1650 ll
636 1588 743 1662 (678)t
782 1589 848 1650 Uul
864 1596 956 1666 polet·
975 1596 1008 1649 et
1027 1593 1169 1650 oorrt'mto)
1190 1607 1296 1670 quott-

49 1699 126 1758 door
146 1705 204 1760 tato
221 1699 309 1758 dioto
329 1694 531 1777 relinquordo
562 1698 634 1756 lloo
654 1699 735 1757 enitu
758 1698 828 1760 loeo
850 1700 1006 1778 quondam
1029 1707 1062 1759 et
1084 1700 1168 1758 dioto
1187 1705 1296 1758 mutuo

47 1802 135 1865 inter
155 1821 194 1864 se
214 1820 297 1864 nexu
320 1803 500 1885 iunguntur,
522 1803 541 1862 i.
557 1820 584 1864 o.
609 1803 762 1883 coniunx,
784 1820 866 1882 quae
888 1803 959 1864 olim
983 1813 1033 1864 tua
1052 1819 1122 1864 sum
1138 1801 1297 1883 appellata

48 1921 167 1989 postea
188 1912 307 1973 famula
327 1912 471 1992 captiva,
500 1929 603 1992 neque
633 1913 740 1973 inesse
763 1913 890 1974 videtur
912 1912 1057 1995 quiddam
1080 1932 1099 1973 e
1120 1911 1186 1974 iure
1207 1912 1293 1992 poti·-
1377 1907 1382 1916 '

48 2029 129 2082 turn.
173 2019 240 2083 Sed
265 2030 373 2081 movet
396 2039 463 2101 me,
485 2029 519 2080 ut
541 2021 646 2084 Nouio
666 2019 846 2100 adsentiar,
870 2021 933 2084 Cir.
955 2020 1033 2085 rtur

135 2129 202 2190 ltta
221 2150 279 2206 opo
299 2150 387 2212 oum,
409 2130 543 2211 Mittor,
565 2137 693 2190 roarolo
711 2133 840 2210 foedere
861 2137 1005 2192 conium>

136 2239 258 2299 Dt'oto
278 2240 341 2298 troi.
371 2256 376 2264 '

51 2343 201 2423 Quae'vi
224 2347 411 2426 rapiebatur,
434 2345 513 2418 vlt,
535 2345 606 2408 :lua
629 2351 765 2410 obducto
785 2352 874 2426 oirpo
896 2349 1082 2408 nominatur.

138 2456 224 2516 Aule
244 2453 545 2534 nuptias-sacrificia
566 2457 718 2538 quaedam
742 2456 964 2526 offerebantur,
988 2455 1147 2516 aDidoue
1162 2455 1219 2537 IV,
1239 2455 1295 2517 582

134 2563 307 2647 Lepiseroo
327 2563 437 2626 Cereri
457 2565 643 2644 Phoeboque
661 2569 808 2644 putrique
829 2565 950 2641 Lyaeo,

137 2675 258 2734 lottoot'
277 2675 350 2730 onte
369 2673 484 2739 omnia,
506 2674 558 2728 ooa'
577 2670 683 2729 oinolo
703 2669 824 2745 topatio
845 2687 948 2728 curos.

51 2781 130 2844 'l'ria
161 2778 243 2840 enim
274 2779 403 2838 numina
431 2777 534 2856 priora
560 2773 599 2836 ad
629 2776 755 2856 nuptias
783 2775 961 2836 nullalenus
983 2774 1150 2854 pertinent.
1194 2773 1294 2837 'l'esle

49 2891 170 2952 Paullo
196 2907 237 2949 ex
262 2887 364 2948 Festo
393 2893 547 2967 nupturae
575 2884 716 2946 Cornelis
744 2885 918 2966 virginibus
940 2883 1120 2947 saorilioare
1139 2883 1294 2946 solebant..

49 2998 177 3061 Suntne
198 2996 259 3056 hae
281 2994 419 3054 fortasse
439 2981 615 3075 popul-'droti
658 2992 708 3054 Ad
734 2994 822 3073 ipsas
849 3001 956 3054 autem
980 2995 1106 3073 nuptias
1128 2992 1296 3055 celebran-

50 3104 113 3166 das
135 3119 217 3183 opus
239 3109 308 3161 erat
327 3102 511 3181 praesertim
531 3100 729 3192 mulieribus,
759 3103 846 3182 quae'
863 3101 1025 3182 pronubae
1046 3100 1291 3182 appellabantur.

50 3212 187 3274 Paullus
209 3227 250 3269 ex
270 3207 386 3269 Festo:
410 3209 596 3270 »Pronuhaa
617 3209 804 3271 adhibentur
825 3210 959 3290 nuptiis,
990 3228 1071 3289 quae
1091 3209 1191 3270 somel
1212 3227 1294 3290 trup-

50 3325 166 3379 serunt
187 3334 286 3378 causa
306 3317 447 3396 auspicii,
469 3325 503 3377 ul
524 3317 685 3399 singulare
705 3324 893 3395 perseveret
917 3315 1181 3379 matrimonium.“
1225 3315 1291 3376 ue-

50 3437 142 3490 stust
164 3425 358 3507 „Pronubae
379 3418 567 3484 adhibentur
588 3422 715 3501 nuptiis,
739 3440 822 3503 quae
843 3421 943 3484 semol
964 3432 1146 3503 nupserunt,
1170 3428 1205 3479 ut
1221 3435 1294 3480 ma·

51 3538 189 3603 trimonii
222 3538 464 3618 perpetuitatem
494 3533 557 3613 [sio
593 3535 673 3594 enim
702 3530 868 3610 legandum
890 3527 1034 3606 videtur]
1056 3521 1297 3607 auspicantes.“

50 3648 132 3712 lude
152 3648 184 3710 iu
204 3648 275 3729 illo,
309 3646 392 3728 quod
413 3645 496 3708 Dido
524 3645 617 3721 (172)
638 3642 818 3724 oouiugium
840 3644 946 3721 vooat,
969 3637 1088 3697 furtivo
1110 3654 1217 3699 amore
1237 3637 1307 3713 lV,¹

52 3759 131 3822 ¹⁶6²
314 3871 322 3880 -
384 3839 495 3900 Primo
515 3839 548 3895 et
569 3832 675 3895 hattus
696 3839 729 3892 ol
745 3830 928 3909 pronuba
948 3831 1030 3890 Iuno

138 3923 229 3983 Dant
246 3910 388 4001 triptotam.-

53 4033 96 4095 de
117 4031 253 4094 Lavinia
273 4031 399 4111 virgine
423 4027 500 4108 vll,
521 4024 600 4089 319:

137 4142 185 4202 tlt
201 4140 343 4228 ‘Bellona
363 4143 470 4198 monet
488 4142 519 4196 te
535 4137 726 4212 pronubo.

55 4251 121 4314 cir.
142 4247 217 4311 4372

139 4360 216 4420 Noa
234 4357 314 4418 milri
338 4360 402 4416 iuro
420 4357 536 4433 ptopar·
555 4353 715 4414 oododuol
734 4358 874 4430 temporo
894 4370 1013 4429 murro,

140 4466 326 4530 Pronuba
350 4482 407 4524 neo
429 4469 536 4524 ooatoo
557 4461 710 4522 nocenda!
726 4463 825 4537 pinus
850 4459 995 4522 honoror.
1120 4467 1123 4470 '

56 4597 119 4663 quo
139 4575 243 4657 priore
264 4592 363 4635 versu
384 4572 461 4654 nugi
482 4571 577 4634 eliam
598 4585 749 4650 sponsam
770 4566 972 4649 significatur.

137 4677 242 4758 Virga
273 4695 368 4758 quum
392 4673 623 4753 deduceretur,
655 4677 739 4732 leste
760 4669 871 4732 Paullo
885 4687 934 4730 »ex
955 4667 1073 4731 Perta:
1094 4665 1238 4748 „Patrem
1260 4663 1292 4725 in

55 4785 171 4870 nuptiis
200 4789 233 4851 in
262 4785 414 4849 honoram
436 4783 567 4848 Cereris
586 4779 808 4865 praeferebant
815 4823 827 4862 ‚
856 4795 939 4860 aqua
959 4774 1189 4859 aspergebatur
1209 4788 1296 4835 nova
